%YAML 1.1
%TAG !u! tag:unity3d.com,2011:
--- !u!1 &6529371950449447042
GameObject:
  m_ObjectHideFlags: 0
  m_CorrespondingSourceObject: {fileID: 0}
  m_PrefabInstance: {fileID: 0}
  m_PrefabAsset: {fileID: 0}
  serializedVersion: 6
  m_Component:
  - component: {fileID: 6529371950449447041}
  - component: {fileID: 6529371950449447055}
  - component: {fileID: 6529371950449447040}
  - component: {fileID: 6529371950449447054}
  m_Layer: 5
  m_Name: Draft Deck Panel
  m_TagString: Untagged
  m_Icon: {fileID: 0}
  m_NavMeshLayer: 0
  m_StaticEditorFlags: 0
  m_IsActive: 1
--- !u!224 &6529371950449447041
RectTransform:
  m_ObjectHideFlags: 0
  m_CorrespondingSourceObject: {fileID: 0}
  m_PrefabInstance: {fileID: 0}
  m_PrefabAsset: {fileID: 0}
  m_GameObject: {fileID: 6529371950449447042}
  m_LocalRotation: {x: 0, y: 0, z: 0, w: 1}
  m_LocalPosition: {x: 0, y: 0, z: 0}
  m_LocalScale: {x: 1, y: 1, z: 1}
  m_Children:
  - {fileID: 8015246371032579070}
  - {fileID: 8015246370764022013}
  - {fileID: 8015246371422263149}
  - {fileID: 8015246371182260188}
  - {fileID: 8015246370860234146}
  - {fileID: 8015246370612203660}
  - {fileID: 8015246370886345557}
  - {fileID: 8015246372186596494}
  - {fileID: 8015246371572367922}
  - {fileID: 8015246371257329617}
  - {fileID: 8015246371708174744}
  m_Father: {fileID: 0}
  m_RootOrder: 0
  m_LocalEulerAnglesHint: {x: 0, y: 0, z: 0}
  m_AnchorMin: {x: 0, y: 1}
  m_AnchorMax: {x: 0, y: 1}
  m_AnchoredPosition: {x: 60, y: -60}
  m_SizeDelta: {x: 110.28244, y: 112.051575}
  m_Pivot: {x: 0.5, y: 0.5}
--- !u!222 &6529371950449447055
CanvasRenderer:
  m_ObjectHideFlags: 0
  m_CorrespondingSourceObject: {fileID: 0}
  m_PrefabInstance: {fileID: 0}
  m_PrefabAsset: {fileID: 0}
  m_GameObject: {fileID: 6529371950449447042}
  m_CullTransparentMesh: 0
--- !u!114 &6529371950449447040
MonoBehaviour:
  m_ObjectHideFlags: 0
  m_CorrespondingSourceObject: {fileID: 0}
  m_PrefabInstance: {fileID: 0}
  m_PrefabAsset: {fileID: 0}
  m_GameObject: {fileID: 6529371950449447042}
  m_Enabled: 1
  m_EditorHideFlags: 0
  m_Script: {fileID: 11500000, guid: fe87c0e1cc204ed48ad3b37840f39efc, type: 3}
  m_Name: 
  m_EditorClassIdentifier: 
  m_Material: {fileID: 0}
  m_Color: {r: 1, g: 1, b: 1, a: 0.392}
  m_RaycastTarget: 1
  m_Maskable: 1
  m_OnCullStateChanged:
    m_PersistentCalls:
      m_Calls: []
  m_Sprite: {fileID: 10907, guid: 0000000000000000f000000000000000, type: 0}
  m_Type: 1
  m_PreserveAspect: 0
  m_FillCenter: 1
  m_FillMethod: 4
  m_FillAmount: 1
  m_FillClockwise: 1
  m_FillOrigin: 0
  m_UseSpriteMesh: 0
  m_PixelsPerUnitMultiplier: 1
--- !u!114 &6529371950449447054
MonoBehaviour:
  m_ObjectHideFlags: 0
  m_CorrespondingSourceObject: {fileID: 0}
  m_PrefabInstance: {fileID: 0}
  m_PrefabAsset: {fileID: 0}
  m_GameObject: {fileID: 6529371950449447042}
  m_Enabled: 1
  m_EditorHideFlags: 0
  m_Script: {fileID: 11500000, guid: 30649d3a9faa99c48a7b1166b86bf2a0, type: 3}
  m_Name: 
  m_EditorClassIdentifier: 
  m_Padding:
    m_Left: 0
    m_Right: 0
    m_Top: 0
    m_Bottom: 0
  m_ChildAlignment: 4
  m_Spacing: -65.9
  m_ChildForceExpandWidth: 1
  m_ChildForceExpandHeight: 1
  m_ChildControlWidth: 1
  m_ChildControlHeight: 1
  m_ChildScaleWidth: 0
  m_ChildScaleHeight: 0
--- !u!1001 &6529371948959775123
PrefabInstance:
  m_ObjectHideFlags: 0
  serializedVersion: 2
  m_Modification:
    m_TransformParent: {fileID: 6529371950449447041}
    m_Modifications:
    - target: {fileID: 3866090872634488842, guid: f83c2810b858f9a4cba98e55127ce430,
        type: 3}
      propertyPath: m_Name
      value: Card (10)
      objectReference: {fileID: 0}
    - target: {fileID: 3866090872634488843, guid: f83c2810b858f9a4cba98e55127ce430,
        type: 3}
      propertyPath: m_Pivot.x
      value: 0.5
      objectReference: {fileID: 0}
    - target: {fileID: 3866090872634488843, guid: f83c2810b858f9a4cba98e55127ce430,
        type: 3}
      propertyPath: m_Pivot.y
      value: 0.5
      objectReference: {fileID: 0}
    - target: {fileID: 3866090872634488843, guid: f83c2810b858f9a4cba98e55127ce430,
        type: 3}
      propertyPath: m_RootOrder
      value: 10
      objectReference: {fileID: 0}
    - target: {fileID: 3866090872634488843, guid: f83c2810b858f9a4cba98e55127ce430,
        type: 3}
      propertyPath: m_AnchorMax.x
      value: 0
      objectReference: {fileID: 0}
    - target: {fileID: 3866090872634488843, guid: f83c2810b858f9a4cba98e55127ce430,
        type: 3}
      propertyPath: m_AnchorMax.y
      value: 0
      objectReference: {fileID: 0}
    - target: {fileID: 3866090872634488843, guid: f83c2810b858f9a4cba98e55127ce430,
        type: 3}
      propertyPath: m_AnchorMin.x
      value: 0
      objectReference: {fileID: 0}
    - target: {fileID: 3866090872634488843, guid: f83c2810b858f9a4cba98e55127ce430,
        type: 3}
      propertyPath: m_AnchorMin.y
      value: 0
      objectReference: {fileID: 0}
    - target: {fileID: 3866090872634488843, guid: f83c2810b858f9a4cba98e55127ce430,
        type: 3}
      propertyPath: m_SizeDelta.x
      value: 0
      objectReference: {fileID: 0}
    - target: {fileID: 3866090872634488843, guid: f83c2810b858f9a4cba98e55127ce430,
        type: 3}
      propertyPath: m_SizeDelta.y
      value: 0
      objectReference: {fileID: 0}
    - target: {fileID: 3866090872634488843, guid: f83c2810b858f9a4cba98e55127ce430,
        type: 3}
      propertyPath: m_LocalScale.x
      value: 0.3801859
      objectReference: {fileID: 0}
    - target: {fileID: 3866090872634488843, guid: f83c2810b858f9a4cba98e55127ce430,
        type: 3}
      propertyPath: m_LocalScale.y
      value: 0.3801859
      objectReference: {fileID: 0}
    - target: {fileID: 3866090872634488843, guid: f83c2810b858f9a4cba98e55127ce430,
        type: 3}
      propertyPath: m_LocalScale.z
      value: 0.3801859
      objectReference: {fileID: 0}
    - target: {fileID: 3866090872634488843, guid: f83c2810b858f9a4cba98e55127ce430,
        type: 3}
      propertyPath: m_LocalPosition.x
      value: 0
      objectReference: {fileID: 0}
    - target: {fileID: 3866090872634488843, guid: f83c2810b858f9a4cba98e55127ce430,
        type: 3}
      propertyPath: m_LocalPosition.y
      value: 0
      objectReference: {fileID: 0}
    - target: {fileID: 3866090872634488843, guid: f83c2810b858f9a4cba98e55127ce430,
        type: 3}
      propertyPath: m_LocalPosition.z
      value: 0
      objectReference: {fileID: 0}
    - target: {fileID: 3866090872634488843, guid: f83c2810b858f9a4cba98e55127ce430,
        type: 3}
      propertyPath: m_LocalRotation.w
      value: 1
      objectReference: {fileID: 0}
    - target: {fileID: 3866090872634488843, guid: f83c2810b858f9a4cba98e55127ce430,
        type: 3}
      propertyPath: m_LocalRotation.x
      value: -0
      objectReference: {fileID: 0}
    - target: {fileID: 3866090872634488843, guid: f83c2810b858f9a4cba98e55127ce430,
        type: 3}
      propertyPath: m_LocalRotation.y
      value: -0
      objectReference: {fileID: 0}
    - target: {fileID: 3866090872634488843, guid: f83c2810b858f9a4cba98e55127ce430,
        type: 3}
      propertyPath: m_LocalRotation.z
      value: -0
      objectReference: {fileID: 0}
    - target: {fileID: 3866090872634488843, guid: f83c2810b858f9a4cba98e55127ce430,
        type: 3}
      propertyPath: m_AnchoredPosition.x
      value: 0
      objectReference: {fileID: 0}
    - target: {fileID: 3866090872634488843, guid: f83c2810b858f9a4cba98e55127ce430,
        type: 3}
      propertyPath: m_AnchoredPosition.y
      value: 0
      objectReference: {fileID: 0}
    - target: {fileID: 3866090872634488843, guid: f83c2810b858f9a4cba98e55127ce430,
        type: 3}
      propertyPath: m_LocalEulerAnglesHint.x
      value: 0
      objectReference: {fileID: 0}
    - target: {fileID: 3866090872634488843, guid: f83c2810b858f9a4cba98e55127ce430,
        type: 3}
      propertyPath: m_LocalEulerAnglesHint.y
      value: 0
      objectReference: {fileID: 0}
    - target: {fileID: 3866090872634488843, guid: f83c2810b858f9a4cba98e55127ce430,
        type: 3}
      propertyPath: m_LocalEulerAnglesHint.z
      value: 0
      objectReference: {fileID: 0}
    m_RemovedComponents: []
  m_SourcePrefab: {fileID: 100100000, guid: f83c2810b858f9a4cba98e55127ce430, type: 3}
--- !u!224 &8015246371708174744 stripped
RectTransform:
  m_CorrespondingSourceObject: {fileID: 3866090872634488843, guid: f83c2810b858f9a4cba98e55127ce430,
    type: 3}
  m_PrefabInstance: {fileID: 6529371948959775123}
  m_PrefabAsset: {fileID: 0}
--- !u!1001 &6529371949589175429
PrefabInstance:
  m_ObjectHideFlags: 0
  serializedVersion: 2
  m_Modification:
    m_TransformParent: {fileID: 6529371950449447041}
    m_Modifications:
    - target: {fileID: 3866090872634488842, guid: f83c2810b858f9a4cba98e55127ce430,
        type: 3}
      propertyPath: m_Name
      value: Card (7)
      objectReference: {fileID: 0}
    - target: {fileID: 3866090872634488843, guid: f83c2810b858f9a4cba98e55127ce430,
        type: 3}
      propertyPath: m_Pivot.x
      value: 0.5
      objectReference: {fileID: 0}
    - target: {fileID: 3866090872634488843, guid: f83c2810b858f9a4cba98e55127ce430,
        type: 3}
      propertyPath: m_Pivot.y
      value: 0.5
      objectReference: {fileID: 0}
    - target: {fileID: 3866090872634488843, guid: f83c2810b858f9a4cba98e55127ce430,
        type: 3}
      propertyPath: m_RootOrder
      value: 7
      objectReference: {fileID: 0}
    - target: {fileID: 3866090872634488843, guid: f83c2810b858f9a4cba98e55127ce430,
        type: 3}
      propertyPath: m_AnchorMax.x
      value: 0
      objectReference: {fileID: 0}
    - target: {fileID: 3866090872634488843, guid: f83c2810b858f9a4cba98e55127ce430,
        type: 3}
      propertyPath: m_AnchorMax.y
      value: 0
      objectReference: {fileID: 0}
    - target: {fileID: 3866090872634488843, guid: f83c2810b858f9a4cba98e55127ce430,
        type: 3}
      propertyPath: m_AnchorMin.x
      value: 0
      objectReference: {fileID: 0}
    - target: {fileID: 3866090872634488843, guid: f83c2810b858f9a4cba98e55127ce430,
        type: 3}
      propertyPath: m_AnchorMin.y
      value: 0
      objectReference: {fileID: 0}
    - target: {fileID: 3866090872634488843, guid: f83c2810b858f9a4cba98e55127ce430,
        type: 3}
      propertyPath: m_SizeDelta.x
      value: 0
      objectReference: {fileID: 0}
    - target: {fileID: 3866090872634488843, guid: f83c2810b858f9a4cba98e55127ce430,
        type: 3}
      propertyPath: m_SizeDelta.y
      value: 0
      objectReference: {fileID: 0}
    - target: {fileID: 3866090872634488843, guid: f83c2810b858f9a4cba98e55127ce430,
        type: 3}
      propertyPath: m_LocalScale.x
      value: 0.3801859
      objectReference: {fileID: 0}
    - target: {fileID: 3866090872634488843, guid: f83c2810b858f9a4cba98e55127ce430,
        type: 3}
      propertyPath: m_LocalScale.y
      value: 0.3801859
      objectReference: {fileID: 0}
    - target: {fileID: 3866090872634488843, guid: f83c2810b858f9a4cba98e55127ce430,
        type: 3}
      propertyPath: m_LocalScale.z
      value: 0.3801859
      objectReference: {fileID: 0}
    - target: {fileID: 3866090872634488843, guid: f83c2810b858f9a4cba98e55127ce430,
        type: 3}
      propertyPath: m_LocalPosition.x
      value: 0
      objectReference: {fileID: 0}
    - target: {fileID: 3866090872634488843, guid: f83c2810b858f9a4cba98e55127ce430,
        type: 3}
      propertyPath: m_LocalPosition.y
      value: 0
      objectReference: {fileID: 0}
    - target: {fileID: 3866090872634488843, guid: f83c2810b858f9a4cba98e55127ce430,
        type: 3}
      propertyPath: m_LocalPosition.z
      value: 0
      objectReference: {fileID: 0}
    - target: {fileID: 3866090872634488843, guid: f83c2810b858f9a4cba98e55127ce430,
        type: 3}
      propertyPath: m_LocalRotation.w
      value: 1
      objectReference: {fileID: 0}
    - target: {fileID: 3866090872634488843, guid: f83c2810b858f9a4cba98e55127ce430,
        type: 3}
      propertyPath: m_LocalRotation.x
      value: -0
      objectReference: {fileID: 0}
    - target: {fileID: 3866090872634488843, guid: f83c2810b858f9a4cba98e55127ce430,
        type: 3}
      propertyPath: m_LocalRotation.y
      value: -0
      objectReference: {fileID: 0}
    - target: {fileID: 3866090872634488843, guid: f83c2810b858f9a4cba98e55127ce430,
        type: 3}
      propertyPath: m_LocalRotation.z
      value: -0
      objectReference: {fileID: 0}
    - target: {fileID: 3866090872634488843, guid: f83c2810b858f9a4cba98e55127ce430,
        type: 3}
      propertyPath: m_AnchoredPosition.x
      value: 0
      objectReference: {fileID: 0}
    - target: {fileID: 3866090872634488843, guid: f83c2810b858f9a4cba98e55127ce430,
        type: 3}
      propertyPath: m_AnchoredPosition.y
      value: 0
      objectReference: {fileID: 0}
    - target: {fileID: 3866090872634488843, guid: f83c2810b858f9a4cba98e55127ce430,
        type: 3}
      propertyPath: m_LocalEulerAnglesHint.x
      value: 0
      objectReference: {fileID: 0}
    - target: {fileID: 3866090872634488843, guid: f83c2810b858f9a4cba98e55127ce430,
        type: 3}
      propertyPath: m_LocalEulerAnglesHint.y
      value: 0
      objectReference: {fileID: 0}
    - target: {fileID: 3866090872634488843, guid: f83c2810b858f9a4cba98e55127ce430,
        type: 3}
      propertyPath: m_LocalEulerAnglesHint.z
      value: 0
      objectReference: {fileID: 0}
    m_RemovedComponents: []
  m_SourcePrefab: {fileID: 100100000, guid: f83c2810b858f9a4cba98e55127ce430, type: 3}
--- !u!224 &8015246372186596494 stripped
RectTransform:
  m_CorrespondingSourceObject: {fileID: 3866090872634488843, guid: f83c2810b858f9a4cba98e55127ce430,
    type: 3}
  m_PrefabInstance: {fileID: 6529371949589175429}
  m_PrefabAsset: {fileID: 0}
--- !u!1001 &6529371949903304950
PrefabInstance:
  m_ObjectHideFlags: 0
  serializedVersion: 2
  m_Modification:
    m_TransformParent: {fileID: 6529371950449447041}
    m_Modifications:
    - target: {fileID: 3866090872634488842, guid: f83c2810b858f9a4cba98e55127ce430,
        type: 3}
      propertyPath: m_Name
      value: Card (1)
      objectReference: {fileID: 0}
    - target: {fileID: 3866090872634488843, guid: f83c2810b858f9a4cba98e55127ce430,
        type: 3}
      propertyPath: m_Pivot.x
      value: 0.5
      objectReference: {fileID: 0}
    - target: {fileID: 3866090872634488843, guid: f83c2810b858f9a4cba98e55127ce430,
        type: 3}
      propertyPath: m_Pivot.y
      value: 0.5
      objectReference: {fileID: 0}
    - target: {fileID: 3866090872634488843, guid: f83c2810b858f9a4cba98e55127ce430,
        type: 3}
      propertyPath: m_RootOrder
      value: 1
      objectReference: {fileID: 0}
    - target: {fileID: 3866090872634488843, guid: f83c2810b858f9a4cba98e55127ce430,
        type: 3}
      propertyPath: m_AnchorMax.x
      value: 0
      objectReference: {fileID: 0}
    - target: {fileID: 3866090872634488843, guid: f83c2810b858f9a4cba98e55127ce430,
        type: 3}
      propertyPath: m_AnchorMax.y
      value: 0
      objectReference: {fileID: 0}
    - target: {fileID: 3866090872634488843, guid: f83c2810b858f9a4cba98e55127ce430,
        type: 3}
      propertyPath: m_AnchorMin.x
      value: 0
      objectReference: {fileID: 0}
    - target: {fileID: 3866090872634488843, guid: f83c2810b858f9a4cba98e55127ce430,
        type: 3}
      propertyPath: m_AnchorMin.y
      value: 0
      objectReference: {fileID: 0}
    - target: {fileID: 3866090872634488843, guid: f83c2810b858f9a4cba98e55127ce430,
        type: 3}
      propertyPath: m_SizeDelta.x
      value: 0
      objectReference: {fileID: 0}
    - target: {fileID: 3866090872634488843, guid: f83c2810b858f9a4cba98e55127ce430,
        type: 3}
      propertyPath: m_SizeDelta.y
      value: 0
      objectReference: {fileID: 0}
    - target: {fileID: 3866090872634488843, guid: f83c2810b858f9a4cba98e55127ce430,
        type: 3}
      propertyPath: m_LocalScale.x
      value: 0.3801859
      objectReference: {fileID: 0}
    - target: {fileID: 3866090872634488843, guid: f83c2810b858f9a4cba98e55127ce430,
        type: 3}
      propertyPath: m_LocalScale.y
      value: 0.3801859
      objectReference: {fileID: 0}
    - target: {fileID: 3866090872634488843, guid: f83c2810b858f9a4cba98e55127ce430,
        type: 3}
      propertyPath: m_LocalScale.z
      value: 0.3801859
      objectReference: {fileID: 0}
    - target: {fileID: 3866090872634488843, guid: f83c2810b858f9a4cba98e55127ce430,
        type: 3}
      propertyPath: m_LocalPosition.x
      value: 0
      objectReference: {fileID: 0}
    - target: {fileID: 3866090872634488843, guid: f83c2810b858f9a4cba98e55127ce430,
        type: 3}
      propertyPath: m_LocalPosition.y
      value: 0
      objectReference: {fileID: 0}
    - target: {fileID: 3866090872634488843, guid: f83c2810b858f9a4cba98e55127ce430,
        type: 3}
      propertyPath: m_LocalPosition.z
      value: 0
      objectReference: {fileID: 0}
    - target: {fileID: 3866090872634488843, guid: f83c2810b858f9a4cba98e55127ce430,
        type: 3}
      propertyPath: m_LocalRotation.w
      value: 1
      objectReference: {fileID: 0}
    - target: {fileID: 3866090872634488843, guid: f83c2810b858f9a4cba98e55127ce430,
        type: 3}
      propertyPath: m_LocalRotation.x
      value: -0
      objectReference: {fileID: 0}
    - target: {fileID: 3866090872634488843, guid: f83c2810b858f9a4cba98e55127ce430,
        type: 3}
      propertyPath: m_LocalRotation.y
      value: -0
      objectReference: {fileID: 0}
    - target: {fileID: 3866090872634488843, guid: f83c2810b858f9a4cba98e55127ce430,
        type: 3}
      propertyPath: m_LocalRotation.z
      value: -0
      objectReference: {fileID: 0}
    - target: {fileID: 3866090872634488843, guid: f83c2810b858f9a4cba98e55127ce430,
        type: 3}
      propertyPath: m_AnchoredPosition.x
      value: 0
      objectReference: {fileID: 0}
    - target: {fileID: 3866090872634488843, guid: f83c2810b858f9a4cba98e55127ce430,
        type: 3}
      propertyPath: m_AnchoredPosition.y
      value: 0
      objectReference: {fileID: 0}
    - target: {fileID: 3866090872634488843, guid: f83c2810b858f9a4cba98e55127ce430,
        type: 3}
      propertyPath: m_LocalEulerAnglesHint.x
      value: 0
      objectReference: {fileID: 0}
    - target: {fileID: 3866090872634488843, guid: f83c2810b858f9a4cba98e55127ce430,
        type: 3}
      propertyPath: m_LocalEulerAnglesHint.y
      value: 0
      objectReference: {fileID: 0}
    - target: {fileID: 3866090872634488843, guid: f83c2810b858f9a4cba98e55127ce430,
        type: 3}
      propertyPath: m_LocalEulerAnglesHint.z
      value: 0
      objectReference: {fileID: 0}
    m_RemovedComponents: []
  m_SourcePrefab: {fileID: 100100000, guid: f83c2810b858f9a4cba98e55127ce430, type: 3}
--- !u!224 &8015246370764022013 stripped
RectTransform:
  m_CorrespondingSourceObject: {fileID: 3866090872634488843, guid: f83c2810b858f9a4cba98e55127ce430,
    type: 3}
  m_PrefabInstance: {fileID: 6529371949903304950}
  m_PrefabAsset: {fileID: 0}
--- !u!1001 &6529371950154147975
PrefabInstance:
  m_ObjectHideFlags: 0
  serializedVersion: 2
  m_Modification:
    m_TransformParent: {fileID: 6529371950449447041}
    m_Modifications:
    - target: {fileID: 3866090872634488842, guid: f83c2810b858f9a4cba98e55127ce430,
        type: 3}
      propertyPath: m_Name
      value: Card (5)
      objectReference: {fileID: 0}
    - target: {fileID: 3866090872634488843, guid: f83c2810b858f9a4cba98e55127ce430,
        type: 3}
      propertyPath: m_Pivot.x
      value: 0.5
      objectReference: {fileID: 0}
    - target: {fileID: 3866090872634488843, guid: f83c2810b858f9a4cba98e55127ce430,
        type: 3}
      propertyPath: m_Pivot.y
      value: 0.5
      objectReference: {fileID: 0}
    - target: {fileID: 3866090872634488843, guid: f83c2810b858f9a4cba98e55127ce430,
        type: 3}
      propertyPath: m_RootOrder
      value: 5
      objectReference: {fileID: 0}
    - target: {fileID: 3866090872634488843, guid: f83c2810b858f9a4cba98e55127ce430,
        type: 3}
      propertyPath: m_AnchorMax.x
      value: 0
      objectReference: {fileID: 0}
    - target: {fileID: 3866090872634488843, guid: f83c2810b858f9a4cba98e55127ce430,
        type: 3}
      propertyPath: m_AnchorMax.y
      value: 0
      objectReference: {fileID: 0}
    - target: {fileID: 3866090872634488843, guid: f83c2810b858f9a4cba98e55127ce430,
        type: 3}
      propertyPath: m_AnchorMin.x
      value: 0
      objectReference: {fileID: 0}
    - target: {fileID: 3866090872634488843, guid: f83c2810b858f9a4cba98e55127ce430,
        type: 3}
      propertyPath: m_AnchorMin.y
      value: 0
      objectReference: {fileID: 0}
    - target: {fileID: 3866090872634488843, guid: f83c2810b858f9a4cba98e55127ce430,
        type: 3}
      propertyPath: m_SizeDelta.x
      value: 0
      objectReference: {fileID: 0}
    - target: {fileID: 3866090872634488843, guid: f83c2810b858f9a4cba98e55127ce430,
        type: 3}
      propertyPath: m_SizeDelta.y
      value: 0
      objectReference: {fileID: 0}
    - target: {fileID: 3866090872634488843, guid: f83c2810b858f9a4cba98e55127ce430,
        type: 3}
      propertyPath: m_LocalScale.x
      value: 0.3801859
      objectReference: {fileID: 0}
    - target: {fileID: 3866090872634488843, guid: f83c2810b858f9a4cba98e55127ce430,
        type: 3}
      propertyPath: m_LocalScale.y
      value: 0.3801859
      objectReference: {fileID: 0}
    - target: {fileID: 3866090872634488843, guid: f83c2810b858f9a4cba98e55127ce430,
        type: 3}
      propertyPath: m_LocalScale.z
      value: 0.3801859
      objectReference: {fileID: 0}
    - target: {fileID: 3866090872634488843, guid: f83c2810b858f9a4cba98e55127ce430,
        type: 3}
      propertyPath: m_LocalPosition.x
      value: 0
      objectReference: {fileID: 0}
    - target: {fileID: 3866090872634488843, guid: f83c2810b858f9a4cba98e55127ce430,
        type: 3}
      propertyPath: m_LocalPosition.y
      value: 0
      objectReference: {fileID: 0}
    - target: {fileID: 3866090872634488843, guid: f83c2810b858f9a4cba98e55127ce430,
        type: 3}
      propertyPath: m_LocalPosition.z
      value: 0
      objectReference: {fileID: 0}
    - target: {fileID: 3866090872634488843, guid: f83c2810b858f9a4cba98e55127ce430,
        type: 3}
      propertyPath: m_LocalRotation.w
      value: 1
      objectReference: {fileID: 0}
    - target: {fileID: 3866090872634488843, guid: f83c2810b858f9a4cba98e55127ce430,
        type: 3}
      propertyPath: m_LocalRotation.x
      value: -0
      objectReference: {fileID: 0}
    - target: {fileID: 3866090872634488843, guid: f83c2810b858f9a4cba98e55127ce430,
        type: 3}
      propertyPath: m_LocalRotation.y
      value: -0
      objectReference: {fileID: 0}
    - target: {fileID: 3866090872634488843, guid: f83c2810b858f9a4cba98e55127ce430,
        type: 3}
      propertyPath: m_LocalRotation.z
      value: -0
      objectReference: {fileID: 0}
    - target: {fileID: 3866090872634488843, guid: f83c2810b858f9a4cba98e55127ce430,
        type: 3}
      propertyPath: m_AnchoredPosition.x
      value: 0
      objectReference: {fileID: 0}
    - target: {fileID: 3866090872634488843, guid: f83c2810b858f9a4cba98e55127ce430,
        type: 3}
      propertyPath: m_AnchoredPosition.y
      value: 0
      objectReference: {fileID: 0}
    - target: {fileID: 3866090872634488843, guid: f83c2810b858f9a4cba98e55127ce430,
        type: 3}
      propertyPath: m_LocalEulerAnglesHint.x
      value: 0
      objectReference: {fileID: 0}
    - target: {fileID: 3866090872634488843, guid: f83c2810b858f9a4cba98e55127ce430,
        type: 3}
      propertyPath: m_LocalEulerAnglesHint.y
      value: 0
      objectReference: {fileID: 0}
    - target: {fileID: 3866090872634488843, guid: f83c2810b858f9a4cba98e55127ce430,
        type: 3}
      propertyPath: m_LocalEulerAnglesHint.z
      value: 0
      objectReference: {fileID: 0}
    m_RemovedComponents: []
  m_SourcePrefab: {fileID: 100100000, guid: f83c2810b858f9a4cba98e55127ce430, type: 3}
--- !u!224 &8015246370612203660 stripped
RectTransform:
  m_CorrespondingSourceObject: {fileID: 3866090872634488843, guid: f83c2810b858f9a4cba98e55127ce430,
    type: 3}
  m_PrefabInstance: {fileID: 6529371950154147975}
  m_PrefabAsset: {fileID: 0}
--- !u!1001 &6529371950171587573
PrefabInstance:
  m_ObjectHideFlags: 0
  serializedVersion: 2
  m_Modification:
    m_TransformParent: {fileID: 6529371950449447041}
    m_Modifications:
    - target: {fileID: 3866090872634488842, guid: f83c2810b858f9a4cba98e55127ce430,
        type: 3}
      propertyPath: m_Name
      value: Card
      objectReference: {fileID: 0}
    - target: {fileID: 3866090872634488843, guid: f83c2810b858f9a4cba98e55127ce430,
        type: 3}
      propertyPath: m_Pivot.x
      value: 0.5
      objectReference: {fileID: 0}
    - target: {fileID: 3866090872634488843, guid: f83c2810b858f9a4cba98e55127ce430,
        type: 3}
      propertyPath: m_Pivot.y
      value: 0.5
      objectReference: {fileID: 0}
    - target: {fileID: 3866090872634488843, guid: f83c2810b858f9a4cba98e55127ce430,
        type: 3}
      propertyPath: m_RootOrder
      value: 0
      objectReference: {fileID: 0}
    - target: {fileID: 3866090872634488843, guid: f83c2810b858f9a4cba98e55127ce430,
        type: 3}
      propertyPath: m_AnchorMax.x
      value: 0
      objectReference: {fileID: 0}
    - target: {fileID: 3866090872634488843, guid: f83c2810b858f9a4cba98e55127ce430,
        type: 3}
      propertyPath: m_AnchorMax.y
      value: 0
      objectReference: {fileID: 0}
    - target: {fileID: 3866090872634488843, guid: f83c2810b858f9a4cba98e55127ce430,
        type: 3}
      propertyPath: m_AnchorMin.x
      value: 0
      objectReference: {fileID: 0}
    - target: {fileID: 3866090872634488843, guid: f83c2810b858f9a4cba98e55127ce430,
        type: 3}
      propertyPath: m_AnchorMin.y
      value: 0
      objectReference: {fileID: 0}
    - target: {fileID: 3866090872634488843, guid: f83c2810b858f9a4cba98e55127ce430,
        type: 3}
      propertyPath: m_SizeDelta.x
      value: 0
      objectReference: {fileID: 0}
    - target: {fileID: 3866090872634488843, guid: f83c2810b858f9a4cba98e55127ce430,
        type: 3}
      propertyPath: m_SizeDelta.y
      value: 0
      objectReference: {fileID: 0}
    - target: {fileID: 3866090872634488843, guid: f83c2810b858f9a4cba98e55127ce430,
        type: 3}
      propertyPath: m_LocalScale.x
      value: 0.3801859
      objectReference: {fileID: 0}
    - target: {fileID: 3866090872634488843, guid: f83c2810b858f9a4cba98e55127ce430,
        type: 3}
      propertyPath: m_LocalScale.y
      value: 0.3801859
      objectReference: {fileID: 0}
    - target: {fileID: 3866090872634488843, guid: f83c2810b858f9a4cba98e55127ce430,
        type: 3}
      propertyPath: m_LocalScale.z
      value: 0.3801859
      objectReference: {fileID: 0}
    - target: {fileID: 3866090872634488843, guid: f83c2810b858f9a4cba98e55127ce430,
        type: 3}
      propertyPath: m_LocalPosition.x
      value: 0
      objectReference: {fileID: 0}
    - target: {fileID: 3866090872634488843, guid: f83c2810b858f9a4cba98e55127ce430,
        type: 3}
      propertyPath: m_LocalPosition.y
      value: 0
      objectReference: {fileID: 0}
    - target: {fileID: 3866090872634488843, guid: f83c2810b858f9a4cba98e55127ce430,
        type: 3}
      propertyPath: m_LocalPosition.z
      value: 0
      objectReference: {fileID: 0}
    - target: {fileID: 3866090872634488843, guid: f83c2810b858f9a4cba98e55127ce430,
        type: 3}
      propertyPath: m_LocalRotation.w
      value: 1
      objectReference: {fileID: 0}
    - target: {fileID: 3866090872634488843, guid: f83c2810b858f9a4cba98e55127ce430,
        type: 3}
      propertyPath: m_LocalRotation.x
      value: -0
      objectReference: {fileID: 0}
    - target: {fileID: 3866090872634488843, guid: f83c2810b858f9a4cba98e55127ce430,
        type: 3}
      propertyPath: m_LocalRotation.y
      value: -0
      objectReference: {fileID: 0}
    - target: {fileID: 3866090872634488843, guid: f83c2810b858f9a4cba98e55127ce430,
        type: 3}
      propertyPath: m_LocalRotation.z
      value: -0
      objectReference: {fileID: 0}
    - target: {fileID: 3866090872634488843, guid: f83c2810b858f9a4cba98e55127ce430,
        type: 3}
      propertyPath: m_AnchoredPosition.x
      value: 0
      objectReference: {fileID: 0}
    - target: {fileID: 3866090872634488843, guid: f83c2810b858f9a4cba98e55127ce430,
        type: 3}
      propertyPath: m_AnchoredPosition.y
      value: 0
      objectReference: {fileID: 0}
    - target: {fileID: 3866090872634488843, guid: f83c2810b858f9a4cba98e55127ce430,
        type: 3}
      propertyPath: m_LocalEulerAnglesHint.x
      value: 0
      objectReference: {fileID: 0}
    - target: {fileID: 3866090872634488843, guid: f83c2810b858f9a4cba98e55127ce430,
        type: 3}
      propertyPath: m_LocalEulerAnglesHint.y
      value: 0
      objectReference: {fileID: 0}
    - target: {fileID: 3866090872634488843, guid: f83c2810b858f9a4cba98e55127ce430,
        type: 3}
      propertyPath: m_LocalEulerAnglesHint.z
      value: 0
      objectReference: {fileID: 0}
    m_RemovedComponents: []
  m_SourcePrefab: {fileID: 100100000, guid: f83c2810b858f9a4cba98e55127ce430, type: 3}
--- !u!224 &8015246371032579070 stripped
RectTransform:
  m_CorrespondingSourceObject: {fileID: 3866090872634488843, guid: f83c2810b858f9a4cba98e55127ce430,
    type: 3}
  m_PrefabInstance: {fileID: 6529371950171587573}
  m_PrefabAsset: {fileID: 0}
--- !u!1001 &6529371950410550697
PrefabInstance:
  m_ObjectHideFlags: 0
  serializedVersion: 2
  m_Modification:
    m_TransformParent: {fileID: 6529371950449447041}
    m_Modifications:
    - target: {fileID: 3866090872634488842, guid: f83c2810b858f9a4cba98e55127ce430,
        type: 3}
      propertyPath: m_Name
      value: Card (4)
      objectReference: {fileID: 0}
    - target: {fileID: 3866090872634488843, guid: f83c2810b858f9a4cba98e55127ce430,
        type: 3}
      propertyPath: m_Pivot.x
      value: 0.5
      objectReference: {fileID: 0}
    - target: {fileID: 3866090872634488843, guid: f83c2810b858f9a4cba98e55127ce430,
        type: 3}
      propertyPath: m_Pivot.y
      value: 0.5
      objectReference: {fileID: 0}
    - target: {fileID: 3866090872634488843, guid: f83c2810b858f9a4cba98e55127ce430,
        type: 3}
      propertyPath: m_RootOrder
      value: 4
      objectReference: {fileID: 0}
    - target: {fileID: 3866090872634488843, guid: f83c2810b858f9a4cba98e55127ce430,
        type: 3}
      propertyPath: m_AnchorMax.x
      value: 0
      objectReference: {fileID: 0}
    - target: {fileID: 3866090872634488843, guid: f83c2810b858f9a4cba98e55127ce430,
        type: 3}
      propertyPath: m_AnchorMax.y
      value: 0
      objectReference: {fileID: 0}
    - target: {fileID: 3866090872634488843, guid: f83c2810b858f9a4cba98e55127ce430,
        type: 3}
      propertyPath: m_AnchorMin.x
      value: 0
      objectReference: {fileID: 0}
    - target: {fileID: 3866090872634488843, guid: f83c2810b858f9a4cba98e55127ce430,
        type: 3}
      propertyPath: m_AnchorMin.y
      value: 0
      objectReference: {fileID: 0}
    - target: {fileID: 3866090872634488843, guid: f83c2810b858f9a4cba98e55127ce430,
        type: 3}
      propertyPath: m_SizeDelta.x
      value: 0
      objectReference: {fileID: 0}
    - target: {fileID: 3866090872634488843, guid: f83c2810b858f9a4cba98e55127ce430,
        type: 3}
      propertyPath: m_SizeDelta.y
      value: 0
      objectReference: {fileID: 0}
    - target: {fileID: 3866090872634488843, guid: f83c2810b858f9a4cba98e55127ce430,
        type: 3}
      propertyPath: m_LocalScale.x
      value: 0.3801859
      objectReference: {fileID: 0}
    - target: {fileID: 3866090872634488843, guid: f83c2810b858f9a4cba98e55127ce430,
        type: 3}
      propertyPath: m_LocalScale.y
      value: 0.3801859
      objectReference: {fileID: 0}
    - target: {fileID: 3866090872634488843, guid: f83c2810b858f9a4cba98e55127ce430,
        type: 3}
      propertyPath: m_LocalScale.z
      value: 0.3801859
      objectReference: {fileID: 0}
    - target: {fileID: 3866090872634488843, guid: f83c2810b858f9a4cba98e55127ce430,
        type: 3}
      propertyPath: m_LocalPosition.x
      value: 0
      objectReference: {fileID: 0}
    - target: {fileID: 3866090872634488843, guid: f83c2810b858f9a4cba98e55127ce430,
        type: 3}
      propertyPath: m_LocalPosition.y
      value: 0
      objectReference: {fileID: 0}
    - target: {fileID: 3866090872634488843, guid: f83c2810b858f9a4cba98e55127ce430,
        type: 3}
      propertyPath: m_LocalPosition.z
      value: 0
      objectReference: {fileID: 0}
    - target: {fileID: 3866090872634488843, guid: f83c2810b858f9a4cba98e55127ce430,
        type: 3}
      propertyPath: m_LocalRotation.w
      value: 1
      objectReference: {fileID: 0}
    - target: {fileID: 3866090872634488843, guid: f83c2810b858f9a4cba98e55127ce430,
        type: 3}
      propertyPath: m_LocalRotation.x
      value: -0
      objectReference: {fileID: 0}
    - target: {fileID: 3866090872634488843, guid: f83c2810b858f9a4cba98e55127ce430,
        type: 3}
      propertyPath: m_LocalRotation.y
      value: -0
      objectReference: {fileID: 0}
    - target: {fileID: 3866090872634488843, guid: f83c2810b858f9a4cba98e55127ce430,
        type: 3}
      propertyPath: m_LocalRotation.z
      value: -0
      objectReference: {fileID: 0}
    - target: {fileID: 3866090872634488843, guid: f83c2810b858f9a4cba98e55127ce430,
        type: 3}
      propertyPath: m_AnchoredPosition.x
      value: 0
      objectReference: {fileID: 0}
    - target: {fileID: 3866090872634488843, guid: f83c2810b858f9a4cba98e55127ce430,
        type: 3}
      propertyPath: m_AnchoredPosition.y
      value: 0
      objectReference: {fileID: 0}
    - target: {fileID: 3866090872634488843, guid: f83c2810b858f9a4cba98e55127ce430,
        type: 3}
      propertyPath: m_LocalEulerAnglesHint.x
      value: 0
      objectReference: {fileID: 0}
    - target: {fileID: 3866090872634488843, guid: f83c2810b858f9a4cba98e55127ce430,
        type: 3}
      propertyPath: m_LocalEulerAnglesHint.y
      value: 0
      objectReference: {fileID: 0}
    - target: {fileID: 3866090872634488843, guid: f83c2810b858f9a4cba98e55127ce430,
        type: 3}
      propertyPath: m_LocalEulerAnglesHint.z
      value: 0
      objectReference: {fileID: 0}
    m_RemovedComponents: []
  m_SourcePrefab: {fileID: 100100000, guid: f83c2810b858f9a4cba98e55127ce430, type: 3}
--- !u!224 &8015246370860234146 stripped
RectTransform:
  m_CorrespondingSourceObject: {fileID: 3866090872634488843, guid: f83c2810b858f9a4cba98e55127ce430,
    type: 3}
  m_PrefabInstance: {fileID: 6529371950410550697}
  m_PrefabAsset: {fileID: 0}
--- !u!1001 &6529371950419630942
PrefabInstance:
  m_ObjectHideFlags: 0
  serializedVersion: 2
  m_Modification:
    m_TransformParent: {fileID: 6529371950449447041}
    m_Modifications:
    - target: {fileID: 3866090872634488842, guid: f83c2810b858f9a4cba98e55127ce430,
        type: 3}
      propertyPath: m_Name
      value: Card (6)
      objectReference: {fileID: 0}
    - target: {fileID: 3866090872634488843, guid: f83c2810b858f9a4cba98e55127ce430,
        type: 3}
      propertyPath: m_Pivot.x
      value: 0.5
      objectReference: {fileID: 0}
    - target: {fileID: 3866090872634488843, guid: f83c2810b858f9a4cba98e55127ce430,
        type: 3}
      propertyPath: m_Pivot.y
      value: 0.5
      objectReference: {fileID: 0}
    - target: {fileID: 3866090872634488843, guid: f83c2810b858f9a4cba98e55127ce430,
        type: 3}
      propertyPath: m_RootOrder
      value: 6
      objectReference: {fileID: 0}
    - target: {fileID: 3866090872634488843, guid: f83c2810b858f9a4cba98e55127ce430,
        type: 3}
      propertyPath: m_AnchorMax.x
      value: 0
      objectReference: {fileID: 0}
    - target: {fileID: 3866090872634488843, guid: f83c2810b858f9a4cba98e55127ce430,
        type: 3}
      propertyPath: m_AnchorMax.y
      value: 0
      objectReference: {fileID: 0}
    - target: {fileID: 3866090872634488843, guid: f83c2810b858f9a4cba98e55127ce430,
        type: 3}
      propertyPath: m_AnchorMin.x
      value: 0
      objectReference: {fileID: 0}
    - target: {fileID: 3866090872634488843, guid: f83c2810b858f9a4cba98e55127ce430,
        type: 3}
      propertyPath: m_AnchorMin.y
      value: 0
      objectReference: {fileID: 0}
    - target: {fileID: 3866090872634488843, guid: f83c2810b858f9a4cba98e55127ce430,
        type: 3}
      propertyPath: m_SizeDelta.x
      value: 0
      objectReference: {fileID: 0}
    - target: {fileID: 3866090872634488843, guid: f83c2810b858f9a4cba98e55127ce430,
        type: 3}
      propertyPath: m_SizeDelta.y
      value: 0
      objectReference: {fileID: 0}
    - target: {fileID: 3866090872634488843, guid: f83c2810b858f9a4cba98e55127ce430,
        type: 3}
      propertyPath: m_LocalScale.x
      value: 0.3801859
      objectReference: {fileID: 0}
    - target: {fileID: 3866090872634488843, guid: f83c2810b858f9a4cba98e55127ce430,
        type: 3}
      propertyPath: m_LocalScale.y
      value: 0.3801859
      objectReference: {fileID: 0}
    - target: {fileID: 3866090872634488843, guid: f83c2810b858f9a4cba98e55127ce430,
        type: 3}
      propertyPath: m_LocalScale.z
      value: 0.3801859
      objectReference: {fileID: 0}
    - target: {fileID: 3866090872634488843, guid: f83c2810b858f9a4cba98e55127ce430,
        type: 3}
      propertyPath: m_LocalPosition.x
      value: 0
      objectReference: {fileID: 0}
    - target: {fileID: 3866090872634488843, guid: f83c2810b858f9a4cba98e55127ce430,
        type: 3}
      propertyPath: m_LocalPosition.y
      value: 0
      objectReference: {fileID: 0}
    - target: {fileID: 3866090872634488843, guid: f83c2810b858f9a4cba98e55127ce430,
        type: 3}
      propertyPath: m_LocalPosition.z
      value: 0
      objectReference: {fileID: 0}
    - target: {fileID: 3866090872634488843, guid: f83c2810b858f9a4cba98e55127ce430,
        type: 3}
      propertyPath: m_LocalRotation.w
      value: 1
      objectReference: {fileID: 0}
    - target: {fileID: 3866090872634488843, guid: f83c2810b858f9a4cba98e55127ce430,
        type: 3}
      propertyPath: m_LocalRotation.x
      value: -0
      objectReference: {fileID: 0}
    - target: {fileID: 3866090872634488843, guid: f83c2810b858f9a4cba98e55127ce430,
        type: 3}
      propertyPath: m_LocalRotation.y
      value: -0
      objectReference: {fileID: 0}
    - target: {fileID: 3866090872634488843, guid: f83c2810b858f9a4cba98e55127ce430,
        type: 3}
      propertyPath: m_LocalRotation.z
      value: -0
      objectReference: {fileID: 0}
    - target: {fileID: 3866090872634488843, guid: f83c2810b858f9a4cba98e55127ce430,
        type: 3}
      propertyPath: m_AnchoredPosition.x
      value: 0
      objectReference: {fileID: 0}
    - target: {fileID: 3866090872634488843, guid: f83c2810b858f9a4cba98e55127ce430,
        type: 3}
      propertyPath: m_AnchoredPosition.y
      value: 0
      objectReference: {fileID: 0}
    - target: {fileID: 3866090872634488843, guid: f83c2810b858f9a4cba98e55127ce430,
        type: 3}
      propertyPath: m_LocalEulerAnglesHint.x
      value: 0
      objectReference: {fileID: 0}
    - target: {fileID: 3866090872634488843, guid: f83c2810b858f9a4cba98e55127ce430,
        type: 3}
      propertyPath: m_LocalEulerAnglesHint.y
      value: 0
      objectReference: {fileID: 0}
    - target: {fileID: 3866090872634488843, guid: f83c2810b858f9a4cba98e55127ce430,
        type: 3}
      propertyPath: m_LocalEulerAnglesHint.z
      value: 0
      objectReference: {fileID: 0}
    m_RemovedComponents: []
  m_SourcePrefab: {fileID: 100100000, guid: f83c2810b858f9a4cba98e55127ce430, type: 3}
--- !u!224 &8015246370886345557 stripped
RectTransform:
  m_CorrespondingSourceObject: {fileID: 3866090872634488843, guid: f83c2810b858f9a4cba98e55127ce430,
    type: 3}
  m_PrefabInstance: {fileID: 6529371950419630942}
  m_PrefabAsset: {fileID: 0}
--- !u!1001 &6529371950547607514
PrefabInstance:
  m_ObjectHideFlags: 0
  serializedVersion: 2
  m_Modification:
    m_TransformParent: {fileID: 6529371950449447041}
    m_Modifications:
    - target: {fileID: 3866090872634488842, guid: f83c2810b858f9a4cba98e55127ce430,
        type: 3}
      propertyPath: m_Name
      value: Card (9)
      objectReference: {fileID: 0}
    - target: {fileID: 3866090872634488843, guid: f83c2810b858f9a4cba98e55127ce430,
        type: 3}
      propertyPath: m_Pivot.x
      value: 0.5
      objectReference: {fileID: 0}
    - target: {fileID: 3866090872634488843, guid: f83c2810b858f9a4cba98e55127ce430,
        type: 3}
      propertyPath: m_Pivot.y
      value: 0.5
      objectReference: {fileID: 0}
    - target: {fileID: 3866090872634488843, guid: f83c2810b858f9a4cba98e55127ce430,
        type: 3}
      propertyPath: m_RootOrder
      value: 9
      objectReference: {fileID: 0}
    - target: {fileID: 3866090872634488843, guid: f83c2810b858f9a4cba98e55127ce430,
        type: 3}
      propertyPath: m_AnchorMax.x
      value: 0
      objectReference: {fileID: 0}
    - target: {fileID: 3866090872634488843, guid: f83c2810b858f9a4cba98e55127ce430,
        type: 3}
      propertyPath: m_AnchorMax.y
      value: 0
      objectReference: {fileID: 0}
    - target: {fileID: 3866090872634488843, guid: f83c2810b858f9a4cba98e55127ce430,
        type: 3}
      propertyPath: m_AnchorMin.x
      value: 0
      objectReference: {fileID: 0}
    - target: {fileID: 3866090872634488843, guid: f83c2810b858f9a4cba98e55127ce430,
        type: 3}
      propertyPath: m_AnchorMin.y
      value: 0
      objectReference: {fileID: 0}
    - target: {fileID: 3866090872634488843, guid: f83c2810b858f9a4cba98e55127ce430,
        type: 3}
      propertyPath: m_SizeDelta.x
      value: 0
      objectReference: {fileID: 0}
    - target: {fileID: 3866090872634488843, guid: f83c2810b858f9a4cba98e55127ce430,
        type: 3}
      propertyPath: m_SizeDelta.y
      value: 0
      objectReference: {fileID: 0}
    - target: {fileID: 3866090872634488843, guid: f83c2810b858f9a4cba98e55127ce430,
        type: 3}
      propertyPath: m_LocalScale.x
      value: 0.3801859
      objectReference: {fileID: 0}
    - target: {fileID: 3866090872634488843, guid: f83c2810b858f9a4cba98e55127ce430,
        type: 3}
      propertyPath: m_LocalScale.y
      value: 0.3801859
      objectReference: {fileID: 0}
    - target: {fileID: 3866090872634488843, guid: f83c2810b858f9a4cba98e55127ce430,
        type: 3}
      propertyPath: m_LocalScale.z
      value: 0.3801859
      objectReference: {fileID: 0}
    - target: {fileID: 3866090872634488843, guid: f83c2810b858f9a4cba98e55127ce430,
        type: 3}
      propertyPath: m_LocalPosition.x
      value: 0
      objectReference: {fileID: 0}
    - target: {fileID: 3866090872634488843, guid: f83c2810b858f9a4cba98e55127ce430,
        type: 3}
      propertyPath: m_LocalPosition.y
      value: 0
      objectReference: {fileID: 0}
    - target: {fileID: 3866090872634488843, guid: f83c2810b858f9a4cba98e55127ce430,
        type: 3}
      propertyPath: m_LocalPosition.z
      value: 0
      objectReference: {fileID: 0}
    - target: {fileID: 3866090872634488843, guid: f83c2810b858f9a4cba98e55127ce430,
        type: 3}
      propertyPath: m_LocalRotation.w
      value: 1
      objectReference: {fileID: 0}
    - target: {fileID: 3866090872634488843, guid: f83c2810b858f9a4cba98e55127ce430,
        type: 3}
      propertyPath: m_LocalRotation.x
      value: -0
      objectReference: {fileID: 0}
    - target: {fileID: 3866090872634488843, guid: f83c2810b858f9a4cba98e55127ce430,
        type: 3}
      propertyPath: m_LocalRotation.y
      value: -0
      objectReference: {fileID: 0}
    - target: {fileID: 3866090872634488843, guid: f83c2810b858f9a4cba98e55127ce430,
        type: 3}
      propertyPath: m_LocalRotation.z
      value: -0
      objectReference: {fileID: 0}
    - target: {fileID: 3866090872634488843, guid: f83c2810b858f9a4cba98e55127ce430,
        type: 3}
      propertyPath: m_AnchoredPosition.x
      value: 0
      objectReference: {fileID: 0}
    - target: {fileID: 3866090872634488843, guid: f83c2810b858f9a4cba98e55127ce430,
        type: 3}
      propertyPath: m_AnchoredPosition.y
      value: 0
      objectReference: {fileID: 0}
    - target: {fileID: 3866090872634488843, guid: f83c2810b858f9a4cba98e55127ce430,
        type: 3}
      propertyPath: m_LocalEulerAnglesHint.x
      value: 0
      objectReference: {fileID: 0}
    - target: {fileID: 3866090872634488843, guid: f83c2810b858f9a4cba98e55127ce430,
        type: 3}
      propertyPath: m_LocalEulerAnglesHint.y
      value: 0
      objectReference: {fileID: 0}
    - target: {fileID: 3866090872634488843, guid: f83c2810b858f9a4cba98e55127ce430,
        type: 3}
      propertyPath: m_LocalEulerAnglesHint.z
      value: 0
      objectReference: {fileID: 0}
    m_RemovedComponents: []
  m_SourcePrefab: {fileID: 100100000, guid: f83c2810b858f9a4cba98e55127ce430, type: 3}
--- !u!224 &8015246371257329617 stripped
RectTransform:
  m_CorrespondingSourceObject: {fileID: 3866090872634488843, guid: f83c2810b858f9a4cba98e55127ce430,
    type: 3}
  m_PrefabInstance: {fileID: 6529371950547607514}
  m_PrefabAsset: {fileID: 0}
--- !u!1001 &6529371950589712343
PrefabInstance:
  m_ObjectHideFlags: 0
  serializedVersion: 2
  m_Modification:
    m_TransformParent: {fileID: 6529371950449447041}
    m_Modifications:
    - target: {fileID: 3866090872634488842, guid: f83c2810b858f9a4cba98e55127ce430,
        type: 3}
      propertyPath: m_Name
      value: Card (3)
      objectReference: {fileID: 0}
    - target: {fileID: 3866090872634488843, guid: f83c2810b858f9a4cba98e55127ce430,
        type: 3}
      propertyPath: m_Pivot.x
      value: 0.5
      objectReference: {fileID: 0}
    - target: {fileID: 3866090872634488843, guid: f83c2810b858f9a4cba98e55127ce430,
        type: 3}
      propertyPath: m_Pivot.y
      value: 0.5
      objectReference: {fileID: 0}
    - target: {fileID: 3866090872634488843, guid: f83c2810b858f9a4cba98e55127ce430,
        type: 3}
      propertyPath: m_RootOrder
      value: 3
      objectReference: {fileID: 0}
    - target: {fileID: 3866090872634488843, guid: f83c2810b858f9a4cba98e55127ce430,
        type: 3}
      propertyPath: m_AnchorMax.x
      value: 0
      objectReference: {fileID: 0}
    - target: {fileID: 3866090872634488843, guid: f83c2810b858f9a4cba98e55127ce430,
        type: 3}
      propertyPath: m_AnchorMax.y
      value: 0
      objectReference: {fileID: 0}
    - target: {fileID: 3866090872634488843, guid: f83c2810b858f9a4cba98e55127ce430,
        type: 3}
      propertyPath: m_AnchorMin.x
      value: 0
      objectReference: {fileID: 0}
    - target: {fileID: 3866090872634488843, guid: f83c2810b858f9a4cba98e55127ce430,
        type: 3}
      propertyPath: m_AnchorMin.y
      value: 0
      objectReference: {fileID: 0}
    - target: {fileID: 3866090872634488843, guid: f83c2810b858f9a4cba98e55127ce430,
        type: 3}
      propertyPath: m_SizeDelta.x
      value: 0
      objectReference: {fileID: 0}
    - target: {fileID: 3866090872634488843, guid: f83c2810b858f9a4cba98e55127ce430,
        type: 3}
      propertyPath: m_SizeDelta.y
      value: 0
      objectReference: {fileID: 0}
    - target: {fileID: 3866090872634488843, guid: f83c2810b858f9a4cba98e55127ce430,
        type: 3}
      propertyPath: m_LocalScale.x
      value: 0.3801859
      objectReference: {fileID: 0}
    - target: {fileID: 3866090872634488843, guid: f83c2810b858f9a4cba98e55127ce430,
        type: 3}
      propertyPath: m_LocalScale.y
      value: 0.3801859
      objectReference: {fileID: 0}
    - target: {fileID: 3866090872634488843, guid: f83c2810b858f9a4cba98e55127ce430,
        type: 3}
      propertyPath: m_LocalScale.z
      value: 0.3801859
      objectReference: {fileID: 0}
    - target: {fileID: 3866090872634488843, guid: f83c2810b858f9a4cba98e55127ce430,
        type: 3}
      propertyPath: m_LocalPosition.x
      value: 0
      objectReference: {fileID: 0}
    - target: {fileID: 3866090872634488843, guid: f83c2810b858f9a4cba98e55127ce430,
        type: 3}
      propertyPath: m_LocalPosition.y
      value: 0
      objectReference: {fileID: 0}
    - target: {fileID: 3866090872634488843, guid: f83c2810b858f9a4cba98e55127ce430,
        type: 3}
      propertyPath: m_LocalPosition.z
      value: 0
      objectReference: {fileID: 0}
    - target: {fileID: 3866090872634488843, guid: f83c2810b858f9a4cba98e55127ce430,
        type: 3}
      propertyPath: m_LocalRotation.w
      value: 1
      objectReference: {fileID: 0}
    - target: {fileID: 3866090872634488843, guid: f83c2810b858f9a4cba98e55127ce430,
        type: 3}
      propertyPath: m_LocalRotation.x
      value: -0
      objectReference: {fileID: 0}
    - target: {fileID: 3866090872634488843, guid: f83c2810b858f9a4cba98e55127ce430,
        type: 3}
      propertyPath: m_LocalRotation.y
      value: -0
      objectReference: {fileID: 0}
    - target: {fileID: 3866090872634488843, guid: f83c2810b858f9a4cba98e55127ce430,
        type: 3}
      propertyPath: m_LocalRotation.z
      value: -0
      objectReference: {fileID: 0}
    - target: {fileID: 3866090872634488843, guid: f83c2810b858f9a4cba98e55127ce430,
        type: 3}
      propertyPath: m_AnchoredPosition.x
      value: 0
      objectReference: {fileID: 0}
    - target: {fileID: 3866090872634488843, guid: f83c2810b858f9a4cba98e55127ce430,
        type: 3}
      propertyPath: m_AnchoredPosition.y
      value: 0
      objectReference: {fileID: 0}
    - target: {fileID: 3866090872634488843, guid: f83c2810b858f9a4cba98e55127ce430,
        type: 3}
      propertyPath: m_LocalEulerAnglesHint.x
      value: 0
      objectReference: {fileID: 0}
    - target: {fileID: 3866090872634488843, guid: f83c2810b858f9a4cba98e55127ce430,
        type: 3}
      propertyPath: m_LocalEulerAnglesHint.y
      value: 0
      objectReference: {fileID: 0}
    - target: {fileID: 3866090872634488843, guid: f83c2810b858f9a4cba98e55127ce430,
        type: 3}
      propertyPath: m_LocalEulerAnglesHint.z
      value: 0
      objectReference: {fileID: 0}
    m_RemovedComponents: []
  m_SourcePrefab: {fileID: 100100000, guid: f83c2810b858f9a4cba98e55127ce430, type: 3}
--- !u!224 &8015246371182260188 stripped
RectTransform:
  m_CorrespondingSourceObject: {fileID: 3866090872634488843, guid: f83c2810b858f9a4cba98e55127ce430,
    type: 3}
  m_PrefabInstance: {fileID: 6529371950589712343}
  m_PrefabAsset: {fileID: 0}
--- !u!1001 &6529371950703016505
PrefabInstance:
  m_ObjectHideFlags: 0
  serializedVersion: 2
  m_Modification:
    m_TransformParent: {fileID: 6529371950449447041}
    m_Modifications:
    - target: {fileID: 3866090872634488842, guid: f83c2810b858f9a4cba98e55127ce430,
        type: 3}
      propertyPath: m_Name
      value: Card (8)
      objectReference: {fileID: 0}
    - target: {fileID: 3866090872634488843, guid: f83c2810b858f9a4cba98e55127ce430,
        type: 3}
      propertyPath: m_Pivot.x
      value: 0.5
      objectReference: {fileID: 0}
    - target: {fileID: 3866090872634488843, guid: f83c2810b858f9a4cba98e55127ce430,
        type: 3}
      propertyPath: m_Pivot.y
      value: 0.5
      objectReference: {fileID: 0}
    - target: {fileID: 3866090872634488843, guid: f83c2810b858f9a4cba98e55127ce430,
        type: 3}
      propertyPath: m_RootOrder
      value: 8
      objectReference: {fileID: 0}
    - target: {fileID: 3866090872634488843, guid: f83c2810b858f9a4cba98e55127ce430,
        type: 3}
      propertyPath: m_AnchorMax.x
      value: 0
      objectReference: {fileID: 0}
    - target: {fileID: 3866090872634488843, guid: f83c2810b858f9a4cba98e55127ce430,
        type: 3}
      propertyPath: m_AnchorMax.y
      value: 0
      objectReference: {fileID: 0}
    - target: {fileID: 3866090872634488843, guid: f83c2810b858f9a4cba98e55127ce430,
        type: 3}
      propertyPath: m_AnchorMin.x
      value: 0
      objectReference: {fileID: 0}
    - target: {fileID: 3866090872634488843, guid: f83c2810b858f9a4cba98e55127ce430,
        type: 3}
      propertyPath: m_AnchorMin.y
      value: 0
      objectReference: {fileID: 0}
    - target: {fileID: 3866090872634488843, guid: f83c2810b858f9a4cba98e55127ce430,
        type: 3}
      propertyPath: m_SizeDelta.x
      value: 0
      objectReference: {fileID: 0}
    - target: {fileID: 3866090872634488843, guid: f83c2810b858f9a4cba98e55127ce430,
        type: 3}
      propertyPath: m_SizeDelta.y
      value: 0
      objectReference: {fileID: 0}
    - target: {fileID: 3866090872634488843, guid: f83c2810b858f9a4cba98e55127ce430,
        type: 3}
      propertyPath: m_LocalScale.x
      value: 0.3801859
      objectReference: {fileID: 0}
    - target: {fileID: 3866090872634488843, guid: f83c2810b858f9a4cba98e55127ce430,
        type: 3}
      propertyPath: m_LocalScale.y
      value: 0.3801859
      objectReference: {fileID: 0}
    - target: {fileID: 3866090872634488843, guid: f83c2810b858f9a4cba98e55127ce430,
        type: 3}
      propertyPath: m_LocalScale.z
      value: 0.3801859
      objectReference: {fileID: 0}
    - target: {fileID: 3866090872634488843, guid: f83c2810b858f9a4cba98e55127ce430,
        type: 3}
      propertyPath: m_LocalPosition.x
      value: 0
      objectReference: {fileID: 0}
    - target: {fileID: 3866090872634488843, guid: f83c2810b858f9a4cba98e55127ce430,
        type: 3}
      propertyPath: m_LocalPosition.y
      value: 0
      objectReference: {fileID: 0}
    - target: {fileID: 3866090872634488843, guid: f83c2810b858f9a4cba98e55127ce430,
        type: 3}
      propertyPath: m_LocalPosition.z
      value: 0
      objectReference: {fileID: 0}
    - target: {fileID: 3866090872634488843, guid: f83c2810b858f9a4cba98e55127ce430,
        type: 3}
      propertyPath: m_LocalRotation.w
      value: 1
      objectReference: {fileID: 0}
    - target: {fileID: 3866090872634488843, guid: f83c2810b858f9a4cba98e55127ce430,
        type: 3}
      propertyPath: m_LocalRotation.x
      value: -0
      objectReference: {fileID: 0}
    - target: {fileID: 3866090872634488843, guid: f83c2810b858f9a4cba98e55127ce430,
        type: 3}
      propertyPath: m_LocalRotation.y
      value: -0
      objectReference: {fileID: 0}
    - target: {fileID: 3866090872634488843, guid: f83c2810b858f9a4cba98e55127ce430,
        type: 3}
      propertyPath: m_LocalRotation.z
      value: -0
      objectReference: {fileID: 0}
    - target: {fileID: 3866090872634488843, guid: f83c2810b858f9a4cba98e55127ce430,
        type: 3}
      propertyPath: m_AnchoredPosition.x
      value: 0
      objectReference: {fileID: 0}
    - target: {fileID: 3866090872634488843, guid: f83c2810b858f9a4cba98e55127ce430,
        type: 3}
      propertyPath: m_AnchoredPosition.y
      value: 0
      objectReference: {fileID: 0}
    - target: {fileID: 3866090872634488843, guid: f83c2810b858f9a4cba98e55127ce430,
        type: 3}
      propertyPath: m_LocalEulerAnglesHint.x
      value: 0
      objectReference: {fileID: 0}
    - target: {fileID: 3866090872634488843, guid: f83c2810b858f9a4cba98e55127ce430,
        type: 3}
      propertyPath: m_LocalEulerAnglesHint.y
      value: 0
      objectReference: {fileID: 0}
    - target: {fileID: 3866090872634488843, guid: f83c2810b858f9a4cba98e55127ce430,
        type: 3}
      propertyPath: m_LocalEulerAnglesHint.z
      value: 0
      objectReference: {fileID: 0}
    m_RemovedComponents: []
  m_SourcePrefab: {fileID: 100100000, guid: f83c2810b858f9a4cba98e55127ce430, type: 3}
--- !u!224 &8015246371572367922 stripped
RectTransform:
  m_CorrespondingSourceObject: {fileID: 3866090872634488843, guid: f83c2810b858f9a4cba98e55127ce430,
    type: 3}
  m_PrefabInstance: {fileID: 6529371950703016505}
  m_PrefabAsset: {fileID: 0}
--- !u!1001 &6529371950955818854
PrefabInstance:
  m_ObjectHideFlags: 0
  serializedVersion: 2
  m_Modification:
    m_TransformParent: {fileID: 6529371950449447041}
    m_Modifications:
    - target: {fileID: 3866090872634488842, guid: f83c2810b858f9a4cba98e55127ce430,
        type: 3}
      propertyPath: m_Name
      value: Card (2)
      objectReference: {fileID: 0}
    - target: {fileID: 3866090872634488843, guid: f83c2810b858f9a4cba98e55127ce430,
        type: 3}
      propertyPath: m_Pivot.x
      value: 0.5
      objectReference: {fileID: 0}
    - target: {fileID: 3866090872634488843, guid: f83c2810b858f9a4cba98e55127ce430,
        type: 3}
      propertyPath: m_Pivot.y
      value: 0.5
      objectReference: {fileID: 0}
    - target: {fileID: 3866090872634488843, guid: f83c2810b858f9a4cba98e55127ce430,
        type: 3}
      propertyPath: m_RootOrder
      value: 2
      objectReference: {fileID: 0}
    - target: {fileID: 3866090872634488843, guid: f83c2810b858f9a4cba98e55127ce430,
        type: 3}
      propertyPath: m_AnchorMax.x
      value: 0
      objectReference: {fileID: 0}
    - target: {fileID: 3866090872634488843, guid: f83c2810b858f9a4cba98e55127ce430,
        type: 3}
      propertyPath: m_AnchorMax.y
      value: 0
      objectReference: {fileID: 0}
    - target: {fileID: 3866090872634488843, guid: f83c2810b858f9a4cba98e55127ce430,
        type: 3}
      propertyPath: m_AnchorMin.x
      value: 0
      objectReference: {fileID: 0}
    - target: {fileID: 3866090872634488843, guid: f83c2810b858f9a4cba98e55127ce430,
        type: 3}
      propertyPath: m_AnchorMin.y
      value: 0
      objectReference: {fileID: 0}
    - target: {fileID: 3866090872634488843, guid: f83c2810b858f9a4cba98e55127ce430,
        type: 3}
      propertyPath: m_SizeDelta.x
      value: 0
      objectReference: {fileID: 0}
    - target: {fileID: 3866090872634488843, guid: f83c2810b858f9a4cba98e55127ce430,
        type: 3}
      propertyPath: m_SizeDelta.y
      value: 0
      objectReference: {fileID: 0}
    - target: {fileID: 3866090872634488843, guid: f83c2810b858f9a4cba98e55127ce430,
        type: 3}
      propertyPath: m_LocalScale.x
      value: 0.3801859
      objectReference: {fileID: 0}
    - target: {fileID: 3866090872634488843, guid: f83c2810b858f9a4cba98e55127ce430,
        type: 3}
      propertyPath: m_LocalScale.y
      value: 0.3801859
      objectReference: {fileID: 0}
    - target: {fileID: 3866090872634488843, guid: f83c2810b858f9a4cba98e55127ce430,
        type: 3}
      propertyPath: m_LocalScale.z
      value: 0.3801859
      objectReference: {fileID: 0}
    - target: {fileID: 3866090872634488843, guid: f83c2810b858f9a4cba98e55127ce430,
        type: 3}
      propertyPath: m_LocalPosition.x
      value: 0
      objectReference: {fileID: 0}
    - target: {fileID: 3866090872634488843, guid: f83c2810b858f9a4cba98e55127ce430,
        type: 3}
      propertyPath: m_LocalPosition.y
      value: 0
      objectReference: {fileID: 0}
    - target: {fileID: 3866090872634488843, guid: f83c2810b858f9a4cba98e55127ce430,
        type: 3}
      propertyPath: m_LocalPosition.z
      value: 0
      objectReference: {fileID: 0}
    - target: {fileID: 3866090872634488843, guid: f83c2810b858f9a4cba98e55127ce430,
        type: 3}
      propertyPath: m_LocalRotation.w
      value: 1
      objectReference: {fileID: 0}
    - target: {fileID: 3866090872634488843, guid: f83c2810b858f9a4cba98e55127ce430,
        type: 3}
      propertyPath: m_LocalRotation.x
      value: -0
      objectReference: {fileID: 0}
    - target: {fileID: 3866090872634488843, guid: f83c2810b858f9a4cba98e55127ce430,
        type: 3}
      propertyPath: m_LocalRotation.y
      value: -0
      objectReference: {fileID: 0}
    - target: {fileID: 3866090872634488843, guid: f83c2810b858f9a4cba98e55127ce430,
        type: 3}
      propertyPath: m_LocalRotation.z
      value: -0
      objectReference: {fileID: 0}
    - target: {fileID: 3866090872634488843, guid: f83c2810b858f9a4cba98e55127ce430,
        type: 3}
      propertyPath: m_AnchoredPosition.x
      value: 0
      objectReference: {fileID: 0}
    - target: {fileID: 3866090872634488843, guid: f83c2810b858f9a4cba98e55127ce430,
        type: 3}
      propertyPath: m_AnchoredPosition.y
      value: 0
      objectReference: {fileID: 0}
    - target: {fileID: 3866090872634488843, guid: f83c2810b858f9a4cba98e55127ce430,
        type: 3}
      propertyPath: m_LocalEulerAnglesHint.x
      value: 0
      objectReference: {fileID: 0}
    - target: {fileID: 3866090872634488843, guid: f83c2810b858f9a4cba98e55127ce430,
        type: 3}
      propertyPath: m_LocalEulerAnglesHint.y
      value: 0
      objectReference: {fileID: 0}
    - target: {fileID: 3866090872634488843, guid: f83c2810b858f9a4cba98e55127ce430,
        type: 3}
      propertyPath: m_LocalEulerAnglesHint.z
      value: 0
      objectReference: {fileID: 0}
    m_RemovedComponents: []
  m_SourcePrefab: {fileID: 100100000, guid: f83c2810b858f9a4cba98e55127ce430, type: 3}
--- !u!224 &8015246371422263149 stripped
RectTransform:
  m_CorrespondingSourceObject: {fileID: 3866090872634488843, guid: f83c2810b858f9a4cba98e55127ce430,
    type: 3}
  m_PrefabInstance: {fileID: 6529371950955818854}
  m_PrefabAsset: {fileID: 0}
