%YAML 1.1
%TAG !u! tag:unity3d.com,2011:
--- !u!29 &1
OcclusionCullingSettings:
  m_ObjectHideFlags: 0
  serializedVersion: 2
  m_OcclusionBakeSettings:
    smallestOccluder: 5
    smallestHole: 0.25
    backfaceThreshold: 100
  m_SceneGUID: 00000000000000000000000000000000
  m_OcclusionCullingData: {fileID: 0}
--- !u!104 &2
RenderSettings:
  m_ObjectHideFlags: 0
  serializedVersion: 9
  m_Fog: 0
  m_FogColor: {r: 0.5, g: 0.5, b: 0.5, a: 1}
  m_FogMode: 3
  m_FogDensity: 0.01
  m_LinearFogStart: 0
  m_LinearFogEnd: 300
  m_AmbientSkyColor: {r: 0.212, g: 0.227, b: 0.259, a: 1}
  m_AmbientEquatorColor: {r: 0.114, g: 0.125, b: 0.133, a: 1}
  m_AmbientGroundColor: {r: 0.047, g: 0.043, b: 0.035, a: 1}
  m_AmbientIntensity: 1
  m_AmbientMode: 0
  m_SubtractiveShadowColor: {r: 0.42, g: 0.478, b: 0.627, a: 1}
  m_SkyboxMaterial: {fileID: 10304, guid: 0000000000000000f000000000000000, type: 0}
  m_HaloStrength: 0.5
  m_FlareStrength: 1
  m_FlareFadeSpeed: 3
  m_HaloTexture: {fileID: 0}
  m_SpotCookie: {fileID: 10001, guid: 0000000000000000e000000000000000, type: 0}
  m_DefaultReflectionMode: 0
  m_DefaultReflectionResolution: 128
  m_ReflectionBounces: 1
  m_ReflectionIntensity: 1
  m_CustomReflection: {fileID: 0}
  m_Sun: {fileID: 0}
  m_IndirectSpecularColor: {r: 0, g: 0, b: 0, a: 1}
  m_UseRadianceAmbientProbe: 0
--- !u!157 &3
LightmapSettings:
  m_ObjectHideFlags: 0
  serializedVersion: 11
  m_GIWorkflowMode: 1
  m_GISettings:
    serializedVersion: 2
    m_BounceScale: 1
    m_IndirectOutputScale: 1
    m_AlbedoBoost: 1
    m_EnvironmentLightingMode: 0
    m_EnableBakedLightmaps: 1
    m_EnableRealtimeLightmaps: 0
  m_LightmapEditorSettings:
    serializedVersion: 12
    m_Resolution: 2
    m_BakeResolution: 40
    m_AtlasSize: 1024
    m_AO: 0
    m_AOMaxDistance: 1
    m_CompAOExponent: 1
    m_CompAOExponentDirect: 0
    m_ExtractAmbientOcclusion: 0
    m_Padding: 2
    m_LightmapParameters: {fileID: 0}
    m_LightmapsBakeMode: 1
    m_TextureCompression: 1
    m_FinalGather: 0
    m_FinalGatherFiltering: 1
    m_FinalGatherRayCount: 256
    m_ReflectionCompression: 2
    m_MixedBakeMode: 2
    m_BakeBackend: 1
    m_PVRSampling: 1
    m_PVRDirectSampleCount: 32
    m_PVRSampleCount: 512
    m_PVRBounces: 2
    m_PVREnvironmentSampleCount: 256
    m_PVREnvironmentReferencePointCount: 2048
    m_PVRFilteringMode: 1
    m_PVRDenoiserTypeDirect: 1
    m_PVRDenoiserTypeIndirect: 1
    m_PVRDenoiserTypeAO: 1
    m_PVRFilterTypeDirect: 0
    m_PVRFilterTypeIndirect: 0
    m_PVRFilterTypeAO: 0
    m_PVREnvironmentMIS: 1
    m_PVRCulling: 1
    m_PVRFilteringGaussRadiusDirect: 1
    m_PVRFilteringGaussRadiusIndirect: 5
    m_PVRFilteringGaussRadiusAO: 2
    m_PVRFilteringAtrousPositionSigmaDirect: 0.5
    m_PVRFilteringAtrousPositionSigmaIndirect: 2
    m_PVRFilteringAtrousPositionSigmaAO: 1
    m_ExportTrainingData: 0
    m_TrainingDataDestination: TrainingData
    m_LightProbeSampleCountMultiplier: 4
  m_LightingDataAsset: {fileID: 0}
  m_UseShadowmask: 1
--- !u!196 &4
NavMeshSettings:
  serializedVersion: 2
  m_ObjectHideFlags: 0
  m_BuildSettings:
    serializedVersion: 2
    agentTypeID: 0
    agentRadius: 0.5
    agentHeight: 2
    agentSlope: 45
    agentClimb: 0.4
    ledgeDropHeight: 0
    maxJumpAcrossDistance: 0
    minRegionArea: 2
    manualCellSize: 0
    cellSize: 0.16666667
    manualTileSize: 0
    tileSize: 256
    accuratePlacement: 0
    debug:
      m_Flags: 0
  m_NavMeshData: {fileID: 0}
--- !u!1 &533395643 stripped
GameObject:
  m_CorrespondingSourceObject: {fileID: 8015246371708174745, guid: f01a573bf20f14f4fa01ecfb319a7af8,
    type: 3}
  m_PrefabInstance: {fileID: 6529371949016027031}
  m_PrefabAsset: {fileID: 0}
--- !u!1 &581617507
GameObject:
  m_ObjectHideFlags: 0
  m_CorrespondingSourceObject: {fileID: 0}
  m_PrefabInstance: {fileID: 0}
  m_PrefabAsset: {fileID: 0}
  serializedVersion: 6
  m_Component:
  - component: {fileID: 581617509}
  - component: {fileID: 581617508}
  m_Layer: 0
  m_Name: Directional Light
  m_TagString: Untagged
  m_Icon: {fileID: 0}
  m_NavMeshLayer: 0
  m_StaticEditorFlags: 0
  m_IsActive: 1
--- !u!108 &581617508
Light:
  m_ObjectHideFlags: 0
  m_CorrespondingSourceObject: {fileID: 0}
  m_PrefabInstance: {fileID: 0}
  m_PrefabAsset: {fileID: 0}
  m_GameObject: {fileID: 581617507}
  m_Enabled: 1
  serializedVersion: 10
  m_Type: 1
  m_Shape: 0
  m_Color: {r: 1, g: 0.95686275, b: 0.8392157, a: 1}
  m_Intensity: 1
  m_Range: 10
  m_SpotAngle: 30
  m_InnerSpotAngle: 21.80208
  m_CookieSize: 10
  m_Shadows:
    m_Type: 2
    m_Resolution: -1
    m_CustomResolution: -1
    m_Strength: 1
    m_Bias: 0.05
    m_NormalBias: 0.4
    m_NearPlane: 0.2
    m_CullingMatrixOverride:
      e00: 1
      e01: 0
      e02: 0
      e03: 0
      e10: 0
      e11: 1
      e12: 0
      e13: 0
      e20: 0
      e21: 0
      e22: 1
      e23: 0
      e30: 0
      e31: 0
      e32: 0
      e33: 1
    m_UseCullingMatrixOverride: 0
  m_Cookie: {fileID: 0}
  m_DrawHalo: 0
  m_Flare: {fileID: 0}
  m_RenderMode: 0
  m_CullingMask:
    serializedVersion: 2
    m_Bits: 4294967295
  m_RenderingLayerMask: 1
  m_Lightmapping: 4
  m_LightShadowCasterMode: 0
  m_AreaSize: {x: 1, y: 1}
  m_BounceIntensity: 1
  m_ColorTemperature: 6570
  m_UseColorTemperature: 0
  m_BoundingSphereOverride: {x: 0, y: 0, z: 0, w: 0}
  m_UseBoundingSphereOverride: 0
  m_ShadowRadius: 0
  m_ShadowAngle: 0
--- !u!4 &581617509
Transform:
  m_ObjectHideFlags: 0
  m_CorrespondingSourceObject: {fileID: 0}
  m_PrefabInstance: {fileID: 0}
  m_PrefabAsset: {fileID: 0}
  m_GameObject: {fileID: 581617507}
  m_LocalRotation: {x: 0.40821788, y: -0.23456968, z: 0.10938163, w: 0.8754261}
  m_LocalPosition: {x: 0, y: 3, z: 0}
  m_LocalScale: {x: 1, y: 1, z: 1}
  m_Children: []
  m_Father: {fileID: 0}
  m_RootOrder: 3
  m_LocalEulerAnglesHint: {x: 50, y: -30, z: 0}
--- !u!1 &600321346 stripped
GameObject:
  m_CorrespondingSourceObject: {fileID: 8015246371422263148, guid: f01a573bf20f14f4fa01ecfb319a7af8,
    type: 3}
  m_PrefabInstance: {fileID: 6529371949016027031}
  m_PrefabAsset: {fileID: 0}
--- !u!1 &665086455 stripped
GameObject:
  m_CorrespondingSourceObject: {fileID: 7105158526381318438, guid: 005e04cca5af63e4488e02c1959f6b7e,
    type: 3}
  m_PrefabInstance: {fileID: 7105158525788063953}
  m_PrefabAsset: {fileID: 0}
--- !u!224 &665086456 stripped
RectTransform:
  m_CorrespondingSourceObject: {fileID: 7105158526381318441, guid: 005e04cca5af63e4488e02c1959f6b7e,
    type: 3}
  m_PrefabInstance: {fileID: 7105158525788063953}
  m_PrefabAsset: {fileID: 0}
--- !u!1 &669695217
GameObject:
  m_ObjectHideFlags: 0
  m_CorrespondingSourceObject: {fileID: 0}
  m_PrefabInstance: {fileID: 0}
  m_PrefabAsset: {fileID: 0}
  serializedVersion: 6
  m_Component:
  - component: {fileID: 669695220}
  - component: {fileID: 669695219}
  - component: {fileID: 669695218}
  m_Layer: 0
  m_Name: EventSystem
  m_TagString: Untagged
  m_Icon: {fileID: 0}
  m_NavMeshLayer: 0
  m_StaticEditorFlags: 0
  m_IsActive: 1
--- !u!114 &669695218
MonoBehaviour:
  m_ObjectHideFlags: 0
  m_CorrespondingSourceObject: {fileID: 0}
  m_PrefabInstance: {fileID: 0}
  m_PrefabAsset: {fileID: 0}
  m_GameObject: {fileID: 669695217}
  m_Enabled: 1
  m_EditorHideFlags: 0
  m_Script: {fileID: 11500000, guid: 4f231c4fb786f3946a6b90b886c48677, type: 3}
  m_Name: 
  m_EditorClassIdentifier: 
  m_HorizontalAxis: Horizontal
  m_VerticalAxis: Vertical
  m_SubmitButton: Submit
  m_CancelButton: Cancel
  m_InputActionsPerSecond: 10
  m_RepeatDelay: 0.5
  m_ForceModuleActive: 0
--- !u!114 &669695219
MonoBehaviour:
  m_ObjectHideFlags: 0
  m_CorrespondingSourceObject: {fileID: 0}
  m_PrefabInstance: {fileID: 0}
  m_PrefabAsset: {fileID: 0}
  m_GameObject: {fileID: 669695217}
  m_Enabled: 1
  m_EditorHideFlags: 0
  m_Script: {fileID: 11500000, guid: 76c392e42b5098c458856cdf6ecaaaa1, type: 3}
  m_Name: 
  m_EditorClassIdentifier: 
  m_FirstSelected: {fileID: 0}
  m_sendNavigationEvents: 1
  m_DragThreshold: 10
--- !u!4 &669695220
Transform:
  m_ObjectHideFlags: 0
  m_CorrespondingSourceObject: {fileID: 0}
  m_PrefabInstance: {fileID: 0}
  m_PrefabAsset: {fileID: 0}
  m_GameObject: {fileID: 669695217}
  m_LocalRotation: {x: 0, y: 0, z: 0, w: 1}
  m_LocalPosition: {x: 0, y: 0, z: 0}
  m_LocalScale: {x: 1, y: 1, z: 1}
  m_Children: []
  m_Father: {fileID: 0}
  m_RootOrder: 5
  m_LocalEulerAnglesHint: {x: 0, y: 0, z: 0}
--- !u!1 &671895438 stripped
GameObject:
  m_CorrespondingSourceObject: {fileID: 8015246370860234147, guid: f01a573bf20f14f4fa01ecfb319a7af8,
    type: 3}
  m_PrefabInstance: {fileID: 6529371949016027031}
  m_PrefabAsset: {fileID: 0}
--- !u!1 &693130497 stripped
GameObject:
  m_CorrespondingSourceObject: {fileID: 8015246371257329616, guid: f01a573bf20f14f4fa01ecfb319a7af8,
    type: 3}
  m_PrefabInstance: {fileID: 6529371949016027031}
  m_PrefabAsset: {fileID: 0}
--- !u!1 &701506717
GameObject:
  m_ObjectHideFlags: 0
  m_CorrespondingSourceObject: {fileID: 0}
  m_PrefabInstance: {fileID: 0}
  m_PrefabAsset: {fileID: 0}
  serializedVersion: 6
  m_Component:
  - component: {fileID: 701506718}
  - component: {fileID: 701506721}
  - component: {fileID: 701506720}
  - component: {fileID: 701506719}
  m_Layer: 5
  m_Name: Button
  m_TagString: Untagged
  m_Icon: {fileID: 0}
  m_NavMeshLayer: 0
  m_StaticEditorFlags: 0
  m_IsActive: 1
--- !u!224 &701506718
RectTransform:
  m_ObjectHideFlags: 0
  m_CorrespondingSourceObject: {fileID: 0}
  m_PrefabInstance: {fileID: 0}
  m_PrefabAsset: {fileID: 0}
  m_GameObject: {fileID: 701506717}
  m_LocalRotation: {x: 0, y: 0, z: 0, w: 1}
  m_LocalPosition: {x: 0, y: 0, z: 0}
  m_LocalScale: {x: 1, y: 1, z: 1}
  m_Children:
  - {fileID: 845944897}
  m_Father: {fileID: 1080771495}
  m_RootOrder: 0
  m_LocalEulerAnglesHint: {x: 0, y: 0, z: 0}
  m_AnchorMin: {x: 0.5, y: 0.5}
  m_AnchorMax: {x: 0.5, y: 0.5}
  m_AnchoredPosition: {x: -298.5, y: -198}
  m_SizeDelta: {x: 160, y: 30}
  m_Pivot: {x: 0.5, y: 0.5}
--- !u!114 &701506719
MonoBehaviour:
  m_ObjectHideFlags: 0
  m_CorrespondingSourceObject: {fileID: 0}
  m_PrefabInstance: {fileID: 0}
  m_PrefabAsset: {fileID: 0}
  m_GameObject: {fileID: 701506717}
  m_Enabled: 1
  m_EditorHideFlags: 0
  m_Script: {fileID: 11500000, guid: 4e29b1a8efbd4b44bb3f3716e73f07ff, type: 3}
  m_Name: 
  m_EditorClassIdentifier: 
  m_Navigation:
    m_Mode: 3
    m_SelectOnUp: {fileID: 0}
    m_SelectOnDown: {fileID: 0}
    m_SelectOnLeft: {fileID: 0}
    m_SelectOnRight: {fileID: 0}
  m_Transition: 1
  m_Colors:
    m_NormalColor: {r: 1, g: 1, b: 1, a: 1}
    m_HighlightedColor: {r: 0.9607843, g: 0.9607843, b: 0.9607843, a: 1}
    m_PressedColor: {r: 0.78431374, g: 0.78431374, b: 0.78431374, a: 1}
    m_SelectedColor: {r: 0.9607843, g: 0.9607843, b: 0.9607843, a: 1}
    m_DisabledColor: {r: 0.78431374, g: 0.78431374, b: 0.78431374, a: 0.5019608}
    m_ColorMultiplier: 1
    m_FadeDuration: 0.1
  m_SpriteState:
    m_HighlightedSprite: {fileID: 0}
    m_PressedSprite: {fileID: 0}
    m_SelectedSprite: {fileID: 0}
    m_DisabledSprite: {fileID: 0}
  m_AnimationTriggers:
    m_NormalTrigger: Normal
    m_HighlightedTrigger: Highlighted
    m_PressedTrigger: Pressed
    m_SelectedTrigger: Selected
    m_DisabledTrigger: Disabled
  m_Interactable: 1
  m_TargetGraphic: {fileID: 701506720}
  m_OnClick:
    m_PersistentCalls:
      m_Calls: []
--- !u!114 &701506720
MonoBehaviour:
  m_ObjectHideFlags: 0
  m_CorrespondingSourceObject: {fileID: 0}
  m_PrefabInstance: {fileID: 0}
  m_PrefabAsset: {fileID: 0}
  m_GameObject: {fileID: 701506717}
  m_Enabled: 1
  m_EditorHideFlags: 0
  m_Script: {fileID: 11500000, guid: fe87c0e1cc204ed48ad3b37840f39efc, type: 3}
  m_Name: 
  m_EditorClassIdentifier: 
  m_Material: {fileID: 0}
  m_Color: {r: 1, g: 1, b: 1, a: 1}
  m_RaycastTarget: 1
  m_Maskable: 1
  m_OnCullStateChanged:
    m_PersistentCalls:
      m_Calls: []
  m_Sprite: {fileID: 10905, guid: 0000000000000000f000000000000000, type: 0}
  m_Type: 1
  m_PreserveAspect: 0
  m_FillCenter: 1
  m_FillMethod: 4
  m_FillAmount: 1
  m_FillClockwise: 1
  m_FillOrigin: 0
  m_UseSpriteMesh: 0
  m_PixelsPerUnitMultiplier: 1
--- !u!222 &701506721
CanvasRenderer:
  m_ObjectHideFlags: 0
  m_CorrespondingSourceObject: {fileID: 0}
  m_PrefabInstance: {fileID: 0}
  m_PrefabAsset: {fileID: 0}
  m_GameObject: {fileID: 701506717}
  m_CullTransparentMesh: 0
--- !u!1 &766665480 stripped
GameObject:
  m_CorrespondingSourceObject: {fileID: 8015246370612203661, guid: f01a573bf20f14f4fa01ecfb319a7af8,
    type: 3}
  m_PrefabInstance: {fileID: 6529371949016027031}
  m_PrefabAsset: {fileID: 0}
--- !u!1 &845944896
GameObject:
  m_ObjectHideFlags: 0
  m_CorrespondingSourceObject: {fileID: 0}
  m_PrefabInstance: {fileID: 0}
  m_PrefabAsset: {fileID: 0}
  serializedVersion: 6
  m_Component:
  - component: {fileID: 845944897}
  - component: {fileID: 845944899}
  - component: {fileID: 845944898}
  m_Layer: 5
  m_Name: Text
  m_TagString: Untagged
  m_Icon: {fileID: 0}
  m_NavMeshLayer: 0
  m_StaticEditorFlags: 0
  m_IsActive: 1
--- !u!224 &845944897
RectTransform:
  m_ObjectHideFlags: 0
  m_CorrespondingSourceObject: {fileID: 0}
  m_PrefabInstance: {fileID: 0}
  m_PrefabAsset: {fileID: 0}
  m_GameObject: {fileID: 845944896}
  m_LocalRotation: {x: -0, y: -0, z: -0, w: 1}
  m_LocalPosition: {x: 0, y: 0, z: 0}
  m_LocalScale: {x: 1, y: 1, z: 1}
  m_Children: []
  m_Father: {fileID: 701506718}
  m_RootOrder: 0
  m_LocalEulerAnglesHint: {x: 0, y: 0, z: 0}
  m_AnchorMin: {x: 0, y: 0}
  m_AnchorMax: {x: 1, y: 1}
  m_AnchoredPosition: {x: 0, y: 0}
  m_SizeDelta: {x: 0, y: 0}
  m_Pivot: {x: 0.5, y: 0.5}
--- !u!114 &845944898
MonoBehaviour:
  m_ObjectHideFlags: 0
  m_CorrespondingSourceObject: {fileID: 0}
  m_PrefabInstance: {fileID: 0}
  m_PrefabAsset: {fileID: 0}
  m_GameObject: {fileID: 845944896}
  m_Enabled: 1
  m_EditorHideFlags: 0
  m_Script: {fileID: 11500000, guid: 5f7201a12d95ffc409449d95f23cf332, type: 3}
  m_Name: 
  m_EditorClassIdentifier: 
  m_Material: {fileID: 0}
  m_Color: {r: 0.19607843, g: 0.19607843, b: 0.19607843, a: 1}
  m_RaycastTarget: 1
  m_Maskable: 1
  m_OnCullStateChanged:
    m_PersistentCalls:
      m_Calls: []
  m_FontData:
    m_Font: {fileID: 10102, guid: 0000000000000000e000000000000000, type: 0}
    m_FontSize: 14
    m_FontStyle: 0
    m_BestFit: 0
    m_MinSize: 10
    m_MaxSize: 40
    m_Alignment: 4
    m_AlignByGeometry: 0
    m_RichText: 1
    m_HorizontalOverflow: 0
    m_VerticalOverflow: 0
    m_LineSpacing: 1
  m_Text: Button
--- !u!222 &845944899
CanvasRenderer:
  m_ObjectHideFlags: 0
  m_CorrespondingSourceObject: {fileID: 0}
  m_PrefabInstance: {fileID: 0}
  m_PrefabAsset: {fileID: 0}
  m_GameObject: {fileID: 845944896}
  m_CullTransparentMesh: 0
--- !u!1 &882590837 stripped
GameObject:
  m_CorrespondingSourceObject: {fileID: 8015246372186596495, guid: f01a573bf20f14f4fa01ecfb319a7af8,
    type: 3}
  m_PrefabInstance: {fileID: 6529371949016027031}
  m_PrefabAsset: {fileID: 0}
--- !u!1 &1033982183 stripped
GameObject:
  m_CorrespondingSourceObject: {fileID: 8015246370886345556, guid: f01a573bf20f14f4fa01ecfb319a7af8,
    type: 3}
  m_PrefabInstance: {fileID: 6529371949016027031}
  m_PrefabAsset: {fileID: 0}
--- !u!1 &1080771491
GameObject:
  m_ObjectHideFlags: 0
  m_CorrespondingSourceObject: {fileID: 0}
  m_PrefabInstance: {fileID: 0}
  m_PrefabAsset: {fileID: 0}
  serializedVersion: 6
  m_Component:
  - component: {fileID: 1080771495}
  - component: {fileID: 1080771494}
  - component: {fileID: 1080771493}
  - component: {fileID: 1080771492}
  m_Layer: 5
  m_Name: Canvas
  m_TagString: Untagged
  m_Icon: {fileID: 0}
  m_NavMeshLayer: 0
  m_StaticEditorFlags: 0
  m_IsActive: 1
--- !u!114 &1080771492
MonoBehaviour:
  m_ObjectHideFlags: 0
  m_CorrespondingSourceObject: {fileID: 0}
  m_PrefabInstance: {fileID: 0}
  m_PrefabAsset: {fileID: 0}
  m_GameObject: {fileID: 1080771491}
  m_Enabled: 1
  m_EditorHideFlags: 0
  m_Script: {fileID: 11500000, guid: dc42784cf147c0c48a680349fa168899, type: 3}
  m_Name: 
  m_EditorClassIdentifier: 
  m_IgnoreReversedGraphics: 1
  m_BlockingObjects: 0
  m_BlockingMask:
    serializedVersion: 2
    m_Bits: 4294967295
--- !u!114 &1080771493
MonoBehaviour:
  m_ObjectHideFlags: 0
  m_CorrespondingSourceObject: {fileID: 0}
  m_PrefabInstance: {fileID: 0}
  m_PrefabAsset: {fileID: 0}
  m_GameObject: {fileID: 1080771491}
  m_Enabled: 1
  m_EditorHideFlags: 0
  m_Script: {fileID: 11500000, guid: 0cd44c1031e13a943bb63640046fad76, type: 3}
  m_Name: 
  m_EditorClassIdentifier: 
  m_UiScaleMode: 0
  m_ReferencePixelsPerUnit: 100
  m_ScaleFactor: 1
  m_ReferenceResolution: {x: 800, y: 600}
  m_ScreenMatchMode: 0
  m_MatchWidthOrHeight: 0
  m_PhysicalUnit: 3
  m_FallbackScreenDPI: 96
  m_DefaultSpriteDPI: 96
  m_DynamicPixelsPerUnit: 1
--- !u!223 &1080771494
Canvas:
  m_ObjectHideFlags: 0
  m_CorrespondingSourceObject: {fileID: 0}
  m_PrefabInstance: {fileID: 0}
  m_PrefabAsset: {fileID: 0}
  m_GameObject: {fileID: 1080771491}
  m_Enabled: 1
  serializedVersion: 3
  m_RenderMode: 0
  m_Camera: {fileID: 0}
  m_PlaneDistance: 100
  m_PixelPerfect: 0
  m_ReceivesEvents: 1
  m_OverrideSorting: 0
  m_OverridePixelPerfect: 0
  m_SortingBucketNormalizedSize: 0
  m_AdditionalShaderChannelsFlag: 0
  m_SortingLayerID: 0
  m_SortingOrder: 0
  m_TargetDisplay: 0
--- !u!224 &1080771495
RectTransform:
  m_ObjectHideFlags: 0
  m_CorrespondingSourceObject: {fileID: 0}
  m_PrefabInstance: {fileID: 0}
  m_PrefabAsset: {fileID: 0}
  m_GameObject: {fileID: 1080771491}
  m_LocalRotation: {x: 0, y: 0, z: 0, w: 1}
  m_LocalPosition: {x: 0, y: 0, z: 0}
  m_LocalScale: {x: 0, y: 0, z: 0}
  m_Children:
  - {fileID: 701506718}
  - {fileID: 1802526486}
  - {fileID: 665086456}
  - {fileID: 1190928377}
  - {fileID: 2938823918441733547}
  m_Father: {fileID: 0}
  m_RootOrder: 4
  m_LocalEulerAnglesHint: {x: 0, y: 0, z: 0}
  m_AnchorMin: {x: 0, y: 0}
  m_AnchorMax: {x: 0, y: 0}
  m_AnchoredPosition: {x: 0, y: 0}
  m_SizeDelta: {x: 0, y: 0}
  m_Pivot: {x: 0, y: 0}
--- !u!1001 &1103740172
PrefabInstance:
  m_ObjectHideFlags: 0
  serializedVersion: 2
  m_Modification:
    m_TransformParent: {fileID: 0}
    m_Modifications:
    - target: {fileID: 8807493197727490858, guid: 0a8a80f235444874db3d711ed3b6c8fe,
        type: 3}
      propertyPath: m_Name
      value: CardDatabase
      objectReference: {fileID: 0}
    - target: {fileID: 8807493197727490868, guid: 0a8a80f235444874db3d711ed3b6c8fe,
        type: 3}
      propertyPath: m_RootOrder
      value: 0
      objectReference: {fileID: 0}
    - target: {fileID: 8807493197727490868, guid: 0a8a80f235444874db3d711ed3b6c8fe,
        type: 3}
      propertyPath: m_LocalPosition.x
      value: 0
      objectReference: {fileID: 0}
    - target: {fileID: 8807493197727490868, guid: 0a8a80f235444874db3d711ed3b6c8fe,
        type: 3}
      propertyPath: m_LocalPosition.y
      value: 0
      objectReference: {fileID: 0}
    - target: {fileID: 8807493197727490868, guid: 0a8a80f235444874db3d711ed3b6c8fe,
        type: 3}
      propertyPath: m_LocalPosition.z
      value: 0
      objectReference: {fileID: 0}
    - target: {fileID: 8807493197727490868, guid: 0a8a80f235444874db3d711ed3b6c8fe,
        type: 3}
      propertyPath: m_LocalRotation.w
      value: 1
      objectReference: {fileID: 0}
    - target: {fileID: 8807493197727490868, guid: 0a8a80f235444874db3d711ed3b6c8fe,
        type: 3}
      propertyPath: m_LocalRotation.x
      value: 0
      objectReference: {fileID: 0}
    - target: {fileID: 8807493197727490868, guid: 0a8a80f235444874db3d711ed3b6c8fe,
        type: 3}
      propertyPath: m_LocalRotation.y
      value: 0
      objectReference: {fileID: 0}
    - target: {fileID: 8807493197727490868, guid: 0a8a80f235444874db3d711ed3b6c8fe,
        type: 3}
      propertyPath: m_LocalRotation.z
      value: 0
      objectReference: {fileID: 0}
    - target: {fileID: 8807493197727490868, guid: 0a8a80f235444874db3d711ed3b6c8fe,
        type: 3}
      propertyPath: m_LocalEulerAnglesHint.x
      value: 0
      objectReference: {fileID: 0}
    - target: {fileID: 8807493197727490868, guid: 0a8a80f235444874db3d711ed3b6c8fe,
        type: 3}
      propertyPath: m_LocalEulerAnglesHint.y
      value: 0
      objectReference: {fileID: 0}
    - target: {fileID: 8807493197727490868, guid: 0a8a80f235444874db3d711ed3b6c8fe,
        type: 3}
      propertyPath: m_LocalEulerAnglesHint.z
      value: 0
      objectReference: {fileID: 0}
    m_RemovedComponents: []
  m_SourcePrefab: {fileID: 100100000, guid: 0a8a80f235444874db3d711ed3b6c8fe, type: 3}
--- !u!1 &1190928376 stripped
GameObject:
  m_CorrespondingSourceObject: {fileID: 1600115916912238664, guid: dd66ab125ab7b6544a232c8acee2afd2,
    type: 3}
  m_PrefabInstance: {fileID: 1600115915888574384}
  m_PrefabAsset: {fileID: 0}
--- !u!224 &1190928377 stripped
RectTransform:
  m_CorrespondingSourceObject: {fileID: 1600115916912238665, guid: dd66ab125ab7b6544a232c8acee2afd2,
    type: 3}
  m_PrefabInstance: {fileID: 1600115915888574384}
  m_PrefabAsset: {fileID: 0}
--- !u!1 &1298195637 stripped
GameObject:
  m_CorrespondingSourceObject: {fileID: 8015246371572367923, guid: f01a573bf20f14f4fa01ecfb319a7af8,
    type: 3}
  m_PrefabInstance: {fileID: 6529371949016027031}
  m_PrefabAsset: {fileID: 0}
--- !u!1 &1419732957 stripped
GameObject:
  m_CorrespondingSourceObject: {fileID: 8015246371032579071, guid: f01a573bf20f14f4fa01ecfb319a7af8,
    type: 3}
  m_PrefabInstance: {fileID: 6529371949016027031}
  m_PrefabAsset: {fileID: 0}
--- !u!1 &1499545165
GameObject:
  m_ObjectHideFlags: 0
  m_CorrespondingSourceObject: {fileID: 0}
  m_PrefabInstance: {fileID: 0}
  m_PrefabAsset: {fileID: 0}
  serializedVersion: 6
  m_Component:
  - component: {fileID: 1499545168}
  - component: {fileID: 1499545167}
  - component: {fileID: 1499545166}
  m_Layer: 0
  m_Name: Main Camera
  m_TagString: MainCamera
  m_Icon: {fileID: 0}
  m_NavMeshLayer: 0
  m_StaticEditorFlags: 0
  m_IsActive: 1
--- !u!81 &1499545166
AudioListener:
  m_ObjectHideFlags: 0
  m_CorrespondingSourceObject: {fileID: 0}
  m_PrefabInstance: {fileID: 0}
  m_PrefabAsset: {fileID: 0}
  m_GameObject: {fileID: 1499545165}
  m_Enabled: 1
--- !u!20 &1499545167
Camera:
  m_ObjectHideFlags: 0
  m_CorrespondingSourceObject: {fileID: 0}
  m_PrefabInstance: {fileID: 0}
  m_PrefabAsset: {fileID: 0}
  m_GameObject: {fileID: 1499545165}
  m_Enabled: 1
  serializedVersion: 2
  m_ClearFlags: 1
  m_BackGroundColor: {r: 0.19215687, g: 0.3019608, b: 0.4745098, a: 0}
  m_projectionMatrixMode: 1
  m_GateFitMode: 2
  m_FOVAxisMode: 0
  m_SensorSize: {x: 36, y: 24}
  m_LensShift: {x: 0, y: 0}
  m_FocalLength: 50
  m_NormalizedViewPortRect:
    serializedVersion: 2
    x: 0
    y: 0
    width: 1
    height: 1
  near clip plane: 0.3
  far clip plane: 1000
  field of view: 60
  orthographic: 0
  orthographic size: 5
  m_Depth: -1
  m_CullingMask:
    serializedVersion: 2
    m_Bits: 4294967295
  m_RenderingPath: -1
  m_TargetTexture: {fileID: 0}
  m_TargetDisplay: 0
  m_TargetEye: 3
  m_HDR: 1
  m_AllowMSAA: 1
  m_AllowDynamicResolution: 0
  m_ForceIntoRT: 0
  m_OcclusionCulling: 1
  m_StereoConvergence: 10
  m_StereoSeparation: 0.022
--- !u!4 &1499545168
Transform:
  m_ObjectHideFlags: 0
  m_CorrespondingSourceObject: {fileID: 0}
  m_PrefabInstance: {fileID: 0}
  m_PrefabAsset: {fileID: 0}
  m_GameObject: {fileID: 1499545165}
  m_LocalRotation: {x: 0, y: 0, z: 0, w: 1}
  m_LocalPosition: {x: 0, y: 1, z: -10}
  m_LocalScale: {x: 1, y: 1, z: 1}
  m_Children: []
  m_Father: {fileID: 0}
  m_RootOrder: 1
  m_LocalEulerAnglesHint: {x: 0, y: 0, z: 0}
--- !u!1 &1775876271 stripped
GameObject:
  m_CorrespondingSourceObject: {fileID: 8015246371182260189, guid: f01a573bf20f14f4fa01ecfb319a7af8,
    type: 3}
  m_PrefabInstance: {fileID: 6529371949016027031}
  m_PrefabAsset: {fileID: 0}
--- !u!224 &1802526486 stripped
RectTransform:
  m_CorrespondingSourceObject: {fileID: 6529371950449447041, guid: f01a573bf20f14f4fa01ecfb319a7af8,
    type: 3}
  m_PrefabInstance: {fileID: 6529371949016027031}
  m_PrefabAsset: {fileID: 0}
--- !u!1 &2027170785 stripped
GameObject:
  m_CorrespondingSourceObject: {fileID: 8015246370764022012, guid: f01a573bf20f14f4fa01ecfb319a7af8,
    type: 3}
  m_PrefabInstance: {fileID: 6529371949016027031}
  m_PrefabAsset: {fileID: 0}
--- !u!1001 &1600115915888574384
PrefabInstance:
  m_ObjectHideFlags: 0
  serializedVersion: 2
  m_Modification:
    m_TransformParent: {fileID: 1080771495}
    m_Modifications:
    - target: {fileID: 1600115916912238664, guid: dd66ab125ab7b6544a232c8acee2afd2,
        type: 3}
      propertyPath: m_Name
      value: PlayerHandPanel
      objectReference: {fileID: 0}
    - target: {fileID: 1600115916912238665, guid: dd66ab125ab7b6544a232c8acee2afd2,
        type: 3}
      propertyPath: m_Pivot.x
      value: 0.5
      objectReference: {fileID: 0}
    - target: {fileID: 1600115916912238665, guid: dd66ab125ab7b6544a232c8acee2afd2,
        type: 3}
      propertyPath: m_Pivot.y
      value: 0.5
      objectReference: {fileID: 0}
    - target: {fileID: 1600115916912238665, guid: dd66ab125ab7b6544a232c8acee2afd2,
        type: 3}
      propertyPath: m_RootOrder
      value: 3
      objectReference: {fileID: 0}
    - target: {fileID: 1600115916912238665, guid: dd66ab125ab7b6544a232c8acee2afd2,
        type: 3}
      propertyPath: m_AnchorMax.x
      value: 1
      objectReference: {fileID: 0}
    - target: {fileID: 1600115916912238665, guid: dd66ab125ab7b6544a232c8acee2afd2,
        type: 3}
      propertyPath: m_AnchorMax.y
      value: 0
      objectReference: {fileID: 0}
    - target: {fileID: 1600115916912238665, guid: dd66ab125ab7b6544a232c8acee2afd2,
        type: 3}
      propertyPath: m_AnchorMin.x
      value: 0
      objectReference: {fileID: 0}
    - target: {fileID: 1600115916912238665, guid: dd66ab125ab7b6544a232c8acee2afd2,
        type: 3}
      propertyPath: m_AnchorMin.y
      value: 0
      objectReference: {fileID: 0}
    - target: {fileID: 1600115916912238665, guid: dd66ab125ab7b6544a232c8acee2afd2,
        type: 3}
      propertyPath: m_SizeDelta.x
      value: 0
      objectReference: {fileID: 0}
    - target: {fileID: 1600115916912238665, guid: dd66ab125ab7b6544a232c8acee2afd2,
        type: 3}
      propertyPath: m_SizeDelta.y
      value: 125.332886
      objectReference: {fileID: 0}
    - target: {fileID: 1600115916912238665, guid: dd66ab125ab7b6544a232c8acee2afd2,
        type: 3}
      propertyPath: m_LocalPosition.x
      value: 0
      objectReference: {fileID: 0}
    - target: {fileID: 1600115916912238665, guid: dd66ab125ab7b6544a232c8acee2afd2,
        type: 3}
      propertyPath: m_LocalPosition.y
      value: 0
      objectReference: {fileID: 0}
    - target: {fileID: 1600115916912238665, guid: dd66ab125ab7b6544a232c8acee2afd2,
        type: 3}
      propertyPath: m_LocalPosition.z
      value: 0
      objectReference: {fileID: 0}
    - target: {fileID: 1600115916912238665, guid: dd66ab125ab7b6544a232c8acee2afd2,
        type: 3}
      propertyPath: m_LocalRotation.w
      value: 1
      objectReference: {fileID: 0}
    - target: {fileID: 1600115916912238665, guid: dd66ab125ab7b6544a232c8acee2afd2,
        type: 3}
      propertyPath: m_LocalRotation.x
      value: 0
      objectReference: {fileID: 0}
    - target: {fileID: 1600115916912238665, guid: dd66ab125ab7b6544a232c8acee2afd2,
        type: 3}
      propertyPath: m_LocalRotation.y
      value: 0
      objectReference: {fileID: 0}
    - target: {fileID: 1600115916912238665, guid: dd66ab125ab7b6544a232c8acee2afd2,
        type: 3}
      propertyPath: m_LocalRotation.z
      value: 0
      objectReference: {fileID: 0}
    - target: {fileID: 1600115916912238665, guid: dd66ab125ab7b6544a232c8acee2afd2,
        type: 3}
      propertyPath: m_AnchoredPosition.x
      value: 0
      objectReference: {fileID: 0}
    - target: {fileID: 1600115916912238665, guid: dd66ab125ab7b6544a232c8acee2afd2,
        type: 3}
      propertyPath: m_AnchoredPosition.y
      value: 62.800003
      objectReference: {fileID: 0}
    - target: {fileID: 1600115916912238665, guid: dd66ab125ab7b6544a232c8acee2afd2,
        type: 3}
      propertyPath: m_LocalEulerAnglesHint.x
      value: 0
      objectReference: {fileID: 0}
    - target: {fileID: 1600115916912238665, guid: dd66ab125ab7b6544a232c8acee2afd2,
        type: 3}
      propertyPath: m_LocalEulerAnglesHint.y
      value: 0
      objectReference: {fileID: 0}
    - target: {fileID: 1600115916912238665, guid: dd66ab125ab7b6544a232c8acee2afd2,
        type: 3}
      propertyPath: m_LocalEulerAnglesHint.z
      value: 0
      objectReference: {fileID: 0}
    m_RemovedComponents: []
  m_SourcePrefab: {fileID: 100100000, guid: dd66ab125ab7b6544a232c8acee2afd2, type: 3}
--- !u!1001 &2938823918441733546
PrefabInstance:
  m_ObjectHideFlags: 0
  serializedVersion: 2
  m_Modification:
    m_TransformParent: {fileID: 1080771495}
    m_Modifications:
    - target: {fileID: 2177890248632288963, guid: 01a0a5d55d6be604ea5fbf817226616a,
        type: 3}
      propertyPath: m_AnchorMax.y
      value: 1
      objectReference: {fileID: 0}
    - target: {fileID: 2177890248632288963, guid: 01a0a5d55d6be604ea5fbf817226616a,
        type: 3}
      propertyPath: m_AnchorMin.y
      value: 1
      objectReference: {fileID: 0}
    - target: {fileID: 2177890248632288963, guid: 01a0a5d55d6be604ea5fbf817226616a,
        type: 3}
      propertyPath: m_AnchoredPosition.x
      value: 72
      objectReference: {fileID: 0}
    - target: {fileID: 2177890248632288963, guid: 01a0a5d55d6be604ea5fbf817226616a,
        type: 3}
      propertyPath: m_AnchoredPosition.y
      value: -119.21478
      objectReference: {fileID: 0}
    - target: {fileID: 2666204851417101606, guid: 01a0a5d55d6be604ea5fbf817226616a,
        type: 3}
      propertyPath: m_Pivot.x
      value: 0.5
      objectReference: {fileID: 0}
    - target: {fileID: 2666204851417101606, guid: 01a0a5d55d6be604ea5fbf817226616a,
        type: 3}
      propertyPath: m_Pivot.y
      value: 0.5
      objectReference: {fileID: 0}
    - target: {fileID: 2666204851417101606, guid: 01a0a5d55d6be604ea5fbf817226616a,
        type: 3}
      propertyPath: m_RootOrder
      value: 4
      objectReference: {fileID: 0}
    - target: {fileID: 2666204851417101606, guid: 01a0a5d55d6be604ea5fbf817226616a,
        type: 3}
      propertyPath: m_AnchorMax.x
      value: 0.5
      objectReference: {fileID: 0}
    - target: {fileID: 2666204851417101606, guid: 01a0a5d55d6be604ea5fbf817226616a,
        type: 3}
      propertyPath: m_AnchorMax.y
      value: 0.5
      objectReference: {fileID: 0}
    - target: {fileID: 2666204851417101606, guid: 01a0a5d55d6be604ea5fbf817226616a,
        type: 3}
      propertyPath: m_AnchorMin.x
      value: 0.5
      objectReference: {fileID: 0}
    - target: {fileID: 2666204851417101606, guid: 01a0a5d55d6be604ea5fbf817226616a,
        type: 3}
      propertyPath: m_AnchorMin.y
      value: 0.5
      objectReference: {fileID: 0}
    - target: {fileID: 2666204851417101606, guid: 01a0a5d55d6be604ea5fbf817226616a,
        type: 3}
      propertyPath: m_SizeDelta.x
      value: 100
      objectReference: {fileID: 0}
    - target: {fileID: 2666204851417101606, guid: 01a0a5d55d6be604ea5fbf817226616a,
        type: 3}
      propertyPath: m_SizeDelta.y
      value: 100
      objectReference: {fileID: 0}
    - target: {fileID: 2666204851417101606, guid: 01a0a5d55d6be604ea5fbf817226616a,
        type: 3}
      propertyPath: m_LocalPosition.x
      value: 0
      objectReference: {fileID: 0}
    - target: {fileID: 2666204851417101606, guid: 01a0a5d55d6be604ea5fbf817226616a,
        type: 3}
      propertyPath: m_LocalPosition.y
      value: 0
      objectReference: {fileID: 0}
    - target: {fileID: 2666204851417101606, guid: 01a0a5d55d6be604ea5fbf817226616a,
        type: 3}
      propertyPath: m_LocalPosition.z
      value: 0
      objectReference: {fileID: 0}
    - target: {fileID: 2666204851417101606, guid: 01a0a5d55d6be604ea5fbf817226616a,
        type: 3}
      propertyPath: m_LocalRotation.w
      value: 1
      objectReference: {fileID: 0}
    - target: {fileID: 2666204851417101606, guid: 01a0a5d55d6be604ea5fbf817226616a,
        type: 3}
      propertyPath: m_LocalRotation.x
      value: 0
      objectReference: {fileID: 0}
    - target: {fileID: 2666204851417101606, guid: 01a0a5d55d6be604ea5fbf817226616a,
        type: 3}
      propertyPath: m_LocalRotation.y
      value: 0
      objectReference: {fileID: 0}
    - target: {fileID: 2666204851417101606, guid: 01a0a5d55d6be604ea5fbf817226616a,
        type: 3}
      propertyPath: m_LocalRotation.z
      value: 0
      objectReference: {fileID: 0}
    - target: {fileID: 2666204851417101606, guid: 01a0a5d55d6be604ea5fbf817226616a,
        type: 3}
      propertyPath: m_AnchoredPosition.x
      value: -8
      objectReference: {fileID: 0}
    - target: {fileID: 2666204851417101606, guid: 01a0a5d55d6be604ea5fbf817226616a,
        type: 3}
      propertyPath: m_AnchoredPosition.y
      value: -6
      objectReference: {fileID: 0}
    - target: {fileID: 2666204851417101606, guid: 01a0a5d55d6be604ea5fbf817226616a,
        type: 3}
      propertyPath: m_LocalEulerAnglesHint.x
      value: 0
      objectReference: {fileID: 0}
    - target: {fileID: 2666204851417101606, guid: 01a0a5d55d6be604ea5fbf817226616a,
        type: 3}
      propertyPath: m_LocalEulerAnglesHint.y
      value: 0
      objectReference: {fileID: 0}
    - target: {fileID: 2666204851417101606, guid: 01a0a5d55d6be604ea5fbf817226616a,
        type: 3}
      propertyPath: m_LocalEulerAnglesHint.z
      value: 0
      objectReference: {fileID: 0}
    - target: {fileID: 3089742929314760557, guid: 01a0a5d55d6be604ea5fbf817226616a,
        type: 3}
      propertyPath: m_AnchorMax.y
      value: 1
      objectReference: {fileID: 0}
    - target: {fileID: 3089742929314760557, guid: 01a0a5d55d6be604ea5fbf817226616a,
        type: 3}
      propertyPath: m_AnchorMin.y
      value: 1
      objectReference: {fileID: 0}
    - target: {fileID: 3089742929314760557, guid: 01a0a5d55d6be604ea5fbf817226616a,
        type: 3}
      propertyPath: m_AnchoredPosition.x
      value: 235.84
      objectReference: {fileID: 0}
    - target: {fileID: 3089742929314760557, guid: 01a0a5d55d6be604ea5fbf817226616a,
        type: 3}
      propertyPath: m_AnchoredPosition.y
      value: -119.21478
      objectReference: {fileID: 0}
    - target: {fileID: 3116048324478105997, guid: 01a0a5d55d6be604ea5fbf817226616a,
        type: 3}
      propertyPath: m_AnchorMax.y
      value: 1
      objectReference: {fileID: 0}
    - target: {fileID: 3116048324478105997, guid: 01a0a5d55d6be604ea5fbf817226616a,
        type: 3}
      propertyPath: m_AnchorMin.y
      value: 1
      objectReference: {fileID: 0}
    - target: {fileID: 3116048324478105997, guid: 01a0a5d55d6be604ea5fbf817226616a,
        type: 3}
      propertyPath: m_AnchoredPosition.x
      value: 153.92
      objectReference: {fileID: 0}
    - target: {fileID: 3116048324478105997, guid: 01a0a5d55d6be604ea5fbf817226616a,
        type: 3}
      propertyPath: m_AnchoredPosition.y
      value: -119.21478
      objectReference: {fileID: 0}
    - target: {fileID: 7825105159830638155, guid: 01a0a5d55d6be604ea5fbf817226616a,
        type: 3}
      propertyPath: m_Name
      value: PlayingChapterCard
      objectReference: {fileID: 0}
    - target: {fileID: 7825105159830638155, guid: 01a0a5d55d6be604ea5fbf817226616a,
        type: 3}
      propertyPath: m_IsActive
      value: 0
      objectReference: {fileID: 0}
    m_RemovedComponents: []
  m_SourcePrefab: {fileID: 100100000, guid: 01a0a5d55d6be604ea5fbf817226616a, type: 3}
--- !u!224 &2938823918441733547 stripped
RectTransform:
  m_CorrespondingSourceObject: {fileID: 2666204851417101606, guid: 01a0a5d55d6be604ea5fbf817226616a,
    type: 3}
  m_PrefabInstance: {fileID: 2938823918441733546}
  m_PrefabAsset: {fileID: 0}
--- !u!1001 &6403115458746556436
PrefabInstance:
  m_ObjectHideFlags: 0
  serializedVersion: 2
  m_Modification:
    m_TransformParent: {fileID: 0}
    m_Modifications:
    - target: {fileID: 3298821908490328092, guid: 95d9619abe869ae44a873901323287a4,
        type: 3}
      propertyPath: m_RootOrder
      value: 2
      objectReference: {fileID: 0}
    - target: {fileID: 3298821908490328092, guid: 95d9619abe869ae44a873901323287a4,
        type: 3}
      propertyPath: m_LocalPosition.x
      value: 0
      objectReference: {fileID: 0}
    - target: {fileID: 3298821908490328092, guid: 95d9619abe869ae44a873901323287a4,
        type: 3}
      propertyPath: m_LocalPosition.y
      value: 0
      objectReference: {fileID: 0}
    - target: {fileID: 3298821908490328092, guid: 95d9619abe869ae44a873901323287a4,
        type: 3}
      propertyPath: m_LocalPosition.z
      value: 0
      objectReference: {fileID: 0}
    - target: {fileID: 3298821908490328092, guid: 95d9619abe869ae44a873901323287a4,
        type: 3}
      propertyPath: m_LocalRotation.w
      value: 1
      objectReference: {fileID: 0}
    - target: {fileID: 3298821908490328092, guid: 95d9619abe869ae44a873901323287a4,
        type: 3}
      propertyPath: m_LocalRotation.x
      value: 0
      objectReference: {fileID: 0}
    - target: {fileID: 3298821908490328092, guid: 95d9619abe869ae44a873901323287a4,
        type: 3}
      propertyPath: m_LocalRotation.y
      value: 0
      objectReference: {fileID: 0}
    - target: {fileID: 3298821908490328092, guid: 95d9619abe869ae44a873901323287a4,
        type: 3}
      propertyPath: m_LocalRotation.z
      value: 0
      objectReference: {fileID: 0}
    - target: {fileID: 3298821908490328092, guid: 95d9619abe869ae44a873901323287a4,
        type: 3}
      propertyPath: m_LocalEulerAnglesHint.x
      value: 0
      objectReference: {fileID: 0}
    - target: {fileID: 3298821908490328092, guid: 95d9619abe869ae44a873901323287a4,
        type: 3}
      propertyPath: m_LocalEulerAnglesHint.y
      value: 0
      objectReference: {fileID: 0}
    - target: {fileID: 3298821908490328092, guid: 95d9619abe869ae44a873901323287a4,
        type: 3}
      propertyPath: m_LocalEulerAnglesHint.z
      value: 0
      objectReference: {fileID: 0}
    - target: {fileID: 3298821908490328093, guid: 95d9619abe869ae44a873901323287a4,
        type: 3}
      propertyPath: deckSize
      value: 0
      objectReference: {fileID: 0}
    - target: {fileID: 3298821908490328093, guid: 95d9619abe869ae44a873901323287a4,
        type: 3}
      propertyPath: playerHand
      value: 
      objectReference: {fileID: 1190928376}
    - target: {fileID: 3298821908490328093, guid: 95d9619abe869ae44a873901323287a4,
        type: 3}
      propertyPath: cardsToServe
      value: 7
      objectReference: {fileID: 0}
    - target: {fileID: 3298821908490328093, guid: 95d9619abe869ae44a873901323287a4,
        type: 3}
      propertyPath: chapterPanel
      value: 
      objectReference: {fileID: 665086455}
    - target: {fileID: 3298821908490328093, guid: 95d9619abe869ae44a873901323287a4,
        type: 3}
      propertyPath: escapePrefab
      value: 
      objectReference: {fileID: 3866090872634488842, guid: 96802e8615d09c64ab19cba7da0c0a7e,
        type: 3}
    - target: {fileID: 3298821908490328093, guid: 95d9619abe869ae44a873901323287a4,
        type: 3}
      propertyPath: chapterPrefab
      value: 
      objectReference: {fileID: 3866090872634488842, guid: f5b4d27e111f2ff4fa310e23ef0e8f02,
        type: 3}
    - target: {fileID: 3298821908490328093, guid: 95d9619abe869ae44a873901323287a4,
        type: 3}
      propertyPath: pursuerPrefab
      value: 
      objectReference: {fileID: 4282223180534313532, guid: c1a754c5d0ab3ad4d88a54d0fd0c597e,
        type: 3}
    - target: {fileID: 3298821908490328093, guid: 95d9619abe869ae44a873901323287a4,
        type: 3}
      propertyPath: cardsInDeck.Array.size
      value: 11
      objectReference: {fileID: 0}
    - target: {fileID: 3298821908490328093, guid: 95d9619abe869ae44a873901323287a4,
        type: 3}
      propertyPath: cardsInDeck.Array.data[0]
      value: 
      objectReference: {fileID: 1419732957}
    - target: {fileID: 3298821908490328093, guid: 95d9619abe869ae44a873901323287a4,
        type: 3}
      propertyPath: cardsInDeck.Array.data[1]
      value: 
      objectReference: {fileID: 2027170785}
    - target: {fileID: 3298821908490328093, guid: 95d9619abe869ae44a873901323287a4,
        type: 3}
      propertyPath: cardsInDeck.Array.data[2]
      value: 
      objectReference: {fileID: 600321346}
    - target: {fileID: 3298821908490328093, guid: 95d9619abe869ae44a873901323287a4,
        type: 3}
      propertyPath: cardsInDeck.Array.data[3]
      value: 
      objectReference: {fileID: 1775876271}
    - target: {fileID: 3298821908490328093, guid: 95d9619abe869ae44a873901323287a4,
        type: 3}
      propertyPath: cardsInDeck.Array.data[4]
      value: 
      objectReference: {fileID: 671895438}
    - target: {fileID: 3298821908490328093, guid: 95d9619abe869ae44a873901323287a4,
        type: 3}
      propertyPath: cardsInDeck.Array.data[5]
      value: 
      objectReference: {fileID: 766665480}
    - target: {fileID: 3298821908490328093, guid: 95d9619abe869ae44a873901323287a4,
        type: 3}
      propertyPath: cardsInDeck.Array.data[6]
      value: 
      objectReference: {fileID: 1033982183}
    - target: {fileID: 3298821908490328093, guid: 95d9619abe869ae44a873901323287a4,
        type: 3}
      propertyPath: cardsInDeck.Array.data[7]
      value: 
      objectReference: {fileID: 882590837}
    - target: {fileID: 3298821908490328093, guid: 95d9619abe869ae44a873901323287a4,
        type: 3}
      propertyPath: cardsInDeck.Array.data[8]
      value: 
      objectReference: {fileID: 1298195637}
    - target: {fileID: 3298821908490328093, guid: 95d9619abe869ae44a873901323287a4,
        type: 3}
      propertyPath: cardsInDeck.Array.data[9]
      value: 
      objectReference: {fileID: 693130497}
    - target: {fileID: 3298821908490328093, guid: 95d9619abe869ae44a873901323287a4,
        type: 3}
      propertyPath: cardsInDeck.Array.data[10]
      value: 
      objectReference: {fileID: 533395643}
    - target: {fileID: 3298821908490328094, guid: 95d9619abe869ae44a873901323287a4,
        type: 3}
      propertyPath: m_Name
      value: DeckManager
      objectReference: {fileID: 0}
    m_RemovedComponents: []
  m_SourcePrefab: {fileID: 100100000, guid: 95d9619abe869ae44a873901323287a4, type: 3}
--- !u!1001 &6529371949016027031
PrefabInstance:
  m_ObjectHideFlags: 0
  serializedVersion: 2
  m_Modification:
    m_TransformParent: {fileID: 1080771495}
    m_Modifications:
    - target: {fileID: 6529371950449447041, guid: f01a573bf20f14f4fa01ecfb319a7af8,
        type: 3}
      propertyPath: m_Pivot.x
      value: 0.5
      objectReference: {fileID: 0}
    - target: {fileID: 6529371950449447041, guid: f01a573bf20f14f4fa01ecfb319a7af8,
        type: 3}
      propertyPath: m_Pivot.y
      value: 0.5
      objectReference: {fileID: 0}
    - target: {fileID: 6529371950449447041, guid: f01a573bf20f14f4fa01ecfb319a7af8,
        type: 3}
      propertyPath: m_RootOrder
      value: 1
      objectReference: {fileID: 0}
    - target: {fileID: 6529371950449447041, guid: f01a573bf20f14f4fa01ecfb319a7af8,
        type: 3}
      propertyPath: m_AnchorMax.x
      value: 0
      objectReference: {fileID: 0}
    - target: {fileID: 6529371950449447041, guid: f01a573bf20f14f4fa01ecfb319a7af8,
        type: 3}
      propertyPath: m_AnchorMax.y
      value: 1
      objectReference: {fileID: 0}
    - target: {fileID: 6529371950449447041, guid: f01a573bf20f14f4fa01ecfb319a7af8,
        type: 3}
      propertyPath: m_AnchorMin.x
      value: 0
      objectReference: {fileID: 0}
    - target: {fileID: 6529371950449447041, guid: f01a573bf20f14f4fa01ecfb319a7af8,
        type: 3}
      propertyPath: m_AnchorMin.y
      value: 1
      objectReference: {fileID: 0}
    - target: {fileID: 6529371950449447041, guid: f01a573bf20f14f4fa01ecfb319a7af8,
        type: 3}
      propertyPath: m_SizeDelta.x
      value: 110.28244
      objectReference: {fileID: 0}
    - target: {fileID: 6529371950449447041, guid: f01a573bf20f14f4fa01ecfb319a7af8,
        type: 3}
      propertyPath: m_SizeDelta.y
      value: 112.051575
      objectReference: {fileID: 0}
    - target: {fileID: 6529371950449447041, guid: f01a573bf20f14f4fa01ecfb319a7af8,
        type: 3}
      propertyPath: m_LocalPosition.x
      value: 0
      objectReference: {fileID: 0}
    - target: {fileID: 6529371950449447041, guid: f01a573bf20f14f4fa01ecfb319a7af8,
        type: 3}
      propertyPath: m_LocalPosition.y
      value: 0
      objectReference: {fileID: 0}
    - target: {fileID: 6529371950449447041, guid: f01a573bf20f14f4fa01ecfb319a7af8,
        type: 3}
      propertyPath: m_LocalPosition.z
      value: 0
      objectReference: {fileID: 0}
    - target: {fileID: 6529371950449447041, guid: f01a573bf20f14f4fa01ecfb319a7af8,
        type: 3}
      propertyPath: m_LocalRotation.w
      value: 1
      objectReference: {fileID: 0}
    - target: {fileID: 6529371950449447041, guid: f01a573bf20f14f4fa01ecfb319a7af8,
        type: 3}
      propertyPath: m_LocalRotation.x
      value: 0
      objectReference: {fileID: 0}
    - target: {fileID: 6529371950449447041, guid: f01a573bf20f14f4fa01ecfb319a7af8,
        type: 3}
      propertyPath: m_LocalRotation.y
      value: 0
      objectReference: {fileID: 0}
    - target: {fileID: 6529371950449447041, guid: f01a573bf20f14f4fa01ecfb319a7af8,
        type: 3}
      propertyPath: m_LocalRotation.z
      value: 0
      objectReference: {fileID: 0}
    - target: {fileID: 6529371950449447041, guid: f01a573bf20f14f4fa01ecfb319a7af8,
        type: 3}
      propertyPath: m_AnchoredPosition.x
      value: 60
      objectReference: {fileID: 0}
    - target: {fileID: 6529371950449447041, guid: f01a573bf20f14f4fa01ecfb319a7af8,
        type: 3}
      propertyPath: m_AnchoredPosition.y
      value: -60
      objectReference: {fileID: 0}
    - target: {fileID: 6529371950449447041, guid: f01a573bf20f14f4fa01ecfb319a7af8,
        type: 3}
      propertyPath: m_LocalEulerAnglesHint.x
      value: 0
      objectReference: {fileID: 0}
    - target: {fileID: 6529371950449447041, guid: f01a573bf20f14f4fa01ecfb319a7af8,
        type: 3}
      propertyPath: m_LocalEulerAnglesHint.y
      value: 0
      objectReference: {fileID: 0}
    - target: {fileID: 6529371950449447041, guid: f01a573bf20f14f4fa01ecfb319a7af8,
        type: 3}
      propertyPath: m_LocalEulerAnglesHint.z
      value: 0
      objectReference: {fileID: 0}
    - target: {fileID: 6529371950449447042, guid: f01a573bf20f14f4fa01ecfb319a7af8,
        type: 3}
      propertyPath: m_Name
      value: Draft Deck Panel
      objectReference: {fileID: 0}
    - target: {fileID: 8015246370612203660, guid: f01a573bf20f14f4fa01ecfb319a7af8,
        type: 3}
      propertyPath: m_AnchorMax.y
      value: 0
      objectReference: {fileID: 0}
    - target: {fileID: 8015246370612203660, guid: f01a573bf20f14f4fa01ecfb319a7af8,
        type: 3}
      propertyPath: m_AnchorMin.y
      value: 0
      objectReference: {fileID: 0}
    - target: {fileID: 8015246370612203660, guid: f01a573bf20f14f4fa01ecfb319a7af8,
        type: 3}
      propertyPath: m_SizeDelta.x
      value: 0
      objectReference: {fileID: 0}
    - target: {fileID: 8015246370612203660, guid: f01a573bf20f14f4fa01ecfb319a7af8,
        type: 3}
      propertyPath: m_SizeDelta.y
      value: 0
      objectReference: {fileID: 0}
    - target: {fileID: 8015246370612203660, guid: f01a573bf20f14f4fa01ecfb319a7af8,
        type: 3}
      propertyPath: m_AnchoredPosition.x
      value: 0
      objectReference: {fileID: 0}
    - target: {fileID: 8015246370612203660, guid: f01a573bf20f14f4fa01ecfb319a7af8,
        type: 3}
      propertyPath: m_AnchoredPosition.y
      value: 0
      objectReference: {fileID: 0}
    - target: {fileID: 8015246370764022013, guid: f01a573bf20f14f4fa01ecfb319a7af8,
        type: 3}
      propertyPath: m_AnchorMax.y
      value: 0
      objectReference: {fileID: 0}
    - target: {fileID: 8015246370764022013, guid: f01a573bf20f14f4fa01ecfb319a7af8,
        type: 3}
      propertyPath: m_AnchorMin.y
      value: 0
      objectReference: {fileID: 0}
    - target: {fileID: 8015246370764022013, guid: f01a573bf20f14f4fa01ecfb319a7af8,
        type: 3}
      propertyPath: m_SizeDelta.x
      value: 0
      objectReference: {fileID: 0}
    - target: {fileID: 8015246370764022013, guid: f01a573bf20f14f4fa01ecfb319a7af8,
        type: 3}
      propertyPath: m_SizeDelta.y
      value: 0
      objectReference: {fileID: 0}
    - target: {fileID: 8015246370764022013, guid: f01a573bf20f14f4fa01ecfb319a7af8,
        type: 3}
      propertyPath: m_AnchoredPosition.x
      value: 0
      objectReference: {fileID: 0}
    - target: {fileID: 8015246370764022013, guid: f01a573bf20f14f4fa01ecfb319a7af8,
        type: 3}
      propertyPath: m_AnchoredPosition.y
      value: 0
      objectReference: {fileID: 0}
    - target: {fileID: 8015246370860234146, guid: f01a573bf20f14f4fa01ecfb319a7af8,
        type: 3}
      propertyPath: m_AnchorMax.y
      value: 0
      objectReference: {fileID: 0}
    - target: {fileID: 8015246370860234146, guid: f01a573bf20f14f4fa01ecfb319a7af8,
        type: 3}
      propertyPath: m_AnchorMin.y
      value: 0
      objectReference: {fileID: 0}
    - target: {fileID: 8015246370860234146, guid: f01a573bf20f14f4fa01ecfb319a7af8,
        type: 3}
      propertyPath: m_SizeDelta.x
      value: 0
      objectReference: {fileID: 0}
    - target: {fileID: 8015246370860234146, guid: f01a573bf20f14f4fa01ecfb319a7af8,
        type: 3}
      propertyPath: m_SizeDelta.y
      value: 0
      objectReference: {fileID: 0}
    - target: {fileID: 8015246370860234146, guid: f01a573bf20f14f4fa01ecfb319a7af8,
        type: 3}
      propertyPath: m_AnchoredPosition.x
      value: 0
      objectReference: {fileID: 0}
    - target: {fileID: 8015246370860234146, guid: f01a573bf20f14f4fa01ecfb319a7af8,
        type: 3}
      propertyPath: m_AnchoredPosition.y
      value: 0
      objectReference: {fileID: 0}
    - target: {fileID: 8015246370886345557, guid: f01a573bf20f14f4fa01ecfb319a7af8,
        type: 3}
      propertyPath: m_AnchorMax.y
      value: 0
      objectReference: {fileID: 0}
    - target: {fileID: 8015246370886345557, guid: f01a573bf20f14f4fa01ecfb319a7af8,
        type: 3}
      propertyPath: m_AnchorMin.y
      value: 0
      objectReference: {fileID: 0}
    - target: {fileID: 8015246370886345557, guid: f01a573bf20f14f4fa01ecfb319a7af8,
        type: 3}
      propertyPath: m_SizeDelta.x
      value: 0
      objectReference: {fileID: 0}
    - target: {fileID: 8015246370886345557, guid: f01a573bf20f14f4fa01ecfb319a7af8,
        type: 3}
      propertyPath: m_SizeDelta.y
      value: 0
      objectReference: {fileID: 0}
    - target: {fileID: 8015246370886345557, guid: f01a573bf20f14f4fa01ecfb319a7af8,
        type: 3}
      propertyPath: m_AnchoredPosition.x
      value: 0
      objectReference: {fileID: 0}
    - target: {fileID: 8015246370886345557, guid: f01a573bf20f14f4fa01ecfb319a7af8,
        type: 3}
      propertyPath: m_AnchoredPosition.y
      value: 0
      objectReference: {fileID: 0}
    - target: {fileID: 8015246371032579070, guid: f01a573bf20f14f4fa01ecfb319a7af8,
        type: 3}
      propertyPath: m_AnchorMax.y
      value: 0
      objectReference: {fileID: 0}
    - target: {fileID: 8015246371032579070, guid: f01a573bf20f14f4fa01ecfb319a7af8,
        type: 3}
      propertyPath: m_AnchorMin.y
      value: 0
      objectReference: {fileID: 0}
    - target: {fileID: 8015246371032579070, guid: f01a573bf20f14f4fa01ecfb319a7af8,
        type: 3}
      propertyPath: m_SizeDelta.x
      value: 0
      objectReference: {fileID: 0}
    - target: {fileID: 8015246371032579070, guid: f01a573bf20f14f4fa01ecfb319a7af8,
        type: 3}
      propertyPath: m_SizeDelta.y
      value: 0
      objectReference: {fileID: 0}
    - target: {fileID: 8015246371032579070, guid: f01a573bf20f14f4fa01ecfb319a7af8,
        type: 3}
      propertyPath: m_AnchoredPosition.x
      value: 0
      objectReference: {fileID: 0}
    - target: {fileID: 8015246371032579070, guid: f01a573bf20f14f4fa01ecfb319a7af8,
        type: 3}
      propertyPath: m_AnchoredPosition.y
      value: 0
      objectReference: {fileID: 0}
    - target: {fileID: 8015246371182260188, guid: f01a573bf20f14f4fa01ecfb319a7af8,
        type: 3}
      propertyPath: m_AnchorMax.y
      value: 0
      objectReference: {fileID: 0}
    - target: {fileID: 8015246371182260188, guid: f01a573bf20f14f4fa01ecfb319a7af8,
        type: 3}
      propertyPath: m_AnchorMin.y
      value: 0
      objectReference: {fileID: 0}
    - target: {fileID: 8015246371182260188, guid: f01a573bf20f14f4fa01ecfb319a7af8,
        type: 3}
      propertyPath: m_SizeDelta.x
      value: 0
      objectReference: {fileID: 0}
    - target: {fileID: 8015246371182260188, guid: f01a573bf20f14f4fa01ecfb319a7af8,
        type: 3}
      propertyPath: m_SizeDelta.y
      value: 0
      objectReference: {fileID: 0}
    - target: {fileID: 8015246371182260188, guid: f01a573bf20f14f4fa01ecfb319a7af8,
        type: 3}
      propertyPath: m_AnchoredPosition.x
      value: 0
      objectReference: {fileID: 0}
    - target: {fileID: 8015246371182260188, guid: f01a573bf20f14f4fa01ecfb319a7af8,
        type: 3}
      propertyPath: m_AnchoredPosition.y
      value: 0
      objectReference: {fileID: 0}
    - target: {fileID: 8015246371257329617, guid: f01a573bf20f14f4fa01ecfb319a7af8,
        type: 3}
      propertyPath: m_AnchorMax.y
      value: 0
      objectReference: {fileID: 0}
    - target: {fileID: 8015246371257329617, guid: f01a573bf20f14f4fa01ecfb319a7af8,
        type: 3}
      propertyPath: m_AnchorMin.y
      value: 0
      objectReference: {fileID: 0}
    - target: {fileID: 8015246371257329617, guid: f01a573bf20f14f4fa01ecfb319a7af8,
        type: 3}
      propertyPath: m_SizeDelta.x
      value: 0
      objectReference: {fileID: 0}
    - target: {fileID: 8015246371257329617, guid: f01a573bf20f14f4fa01ecfb319a7af8,
        type: 3}
      propertyPath: m_SizeDelta.y
      value: 0
      objectReference: {fileID: 0}
    - target: {fileID: 8015246371257329617, guid: f01a573bf20f14f4fa01ecfb319a7af8,
        type: 3}
      propertyPath: m_AnchoredPosition.x
      value: 0
      objectReference: {fileID: 0}
    - target: {fileID: 8015246371257329617, guid: f01a573bf20f14f4fa01ecfb319a7af8,
        type: 3}
      propertyPath: m_AnchoredPosition.y
      value: 0
      objectReference: {fileID: 0}
    - target: {fileID: 8015246371422263149, guid: f01a573bf20f14f4fa01ecfb319a7af8,
        type: 3}
      propertyPath: m_AnchorMax.y
      value: 0
      objectReference: {fileID: 0}
    - target: {fileID: 8015246371422263149, guid: f01a573bf20f14f4fa01ecfb319a7af8,
        type: 3}
      propertyPath: m_AnchorMin.y
      value: 0
      objectReference: {fileID: 0}
    - target: {fileID: 8015246371422263149, guid: f01a573bf20f14f4fa01ecfb319a7af8,
        type: 3}
      propertyPath: m_SizeDelta.x
      value: 0
      objectReference: {fileID: 0}
    - target: {fileID: 8015246371422263149, guid: f01a573bf20f14f4fa01ecfb319a7af8,
        type: 3}
      propertyPath: m_SizeDelta.y
      value: 0
      objectReference: {fileID: 0}
    - target: {fileID: 8015246371422263149, guid: f01a573bf20f14f4fa01ecfb319a7af8,
        type: 3}
      propertyPath: m_AnchoredPosition.x
      value: 0
      objectReference: {fileID: 0}
    - target: {fileID: 8015246371422263149, guid: f01a573bf20f14f4fa01ecfb319a7af8,
        type: 3}
      propertyPath: m_AnchoredPosition.y
      value: 0
      objectReference: {fileID: 0}
    - target: {fileID: 8015246371572367922, guid: f01a573bf20f14f4fa01ecfb319a7af8,
        type: 3}
      propertyPath: m_AnchorMax.y
      value: 0
      objectReference: {fileID: 0}
    - target: {fileID: 8015246371572367922, guid: f01a573bf20f14f4fa01ecfb319a7af8,
        type: 3}
      propertyPath: m_AnchorMin.y
      value: 0
      objectReference: {fileID: 0}
    - target: {fileID: 8015246371572367922, guid: f01a573bf20f14f4fa01ecfb319a7af8,
        type: 3}
      propertyPath: m_SizeDelta.x
      value: 0
      objectReference: {fileID: 0}
    - target: {fileID: 8015246371572367922, guid: f01a573bf20f14f4fa01ecfb319a7af8,
        type: 3}
      propertyPath: m_SizeDelta.y
      value: 0
      objectReference: {fileID: 0}
    - target: {fileID: 8015246371572367922, guid: f01a573bf20f14f4fa01ecfb319a7af8,
        type: 3}
      propertyPath: m_AnchoredPosition.x
      value: 0
      objectReference: {fileID: 0}
    - target: {fileID: 8015246371572367922, guid: f01a573bf20f14f4fa01ecfb319a7af8,
        type: 3}
      propertyPath: m_AnchoredPosition.y
      value: 0
      objectReference: {fileID: 0}
    - target: {fileID: 8015246371708174744, guid: f01a573bf20f14f4fa01ecfb319a7af8,
        type: 3}
      propertyPath: m_AnchorMax.y
      value: 0
      objectReference: {fileID: 0}
    - target: {fileID: 8015246371708174744, guid: f01a573bf20f14f4fa01ecfb319a7af8,
        type: 3}
      propertyPath: m_AnchorMin.y
      value: 0
      objectReference: {fileID: 0}
    - target: {fileID: 8015246371708174744, guid: f01a573bf20f14f4fa01ecfb319a7af8,
        type: 3}
      propertyPath: m_SizeDelta.x
      value: 0
      objectReference: {fileID: 0}
    - target: {fileID: 8015246371708174744, guid: f01a573bf20f14f4fa01ecfb319a7af8,
        type: 3}
      propertyPath: m_SizeDelta.y
      value: 0
      objectReference: {fileID: 0}
    - target: {fileID: 8015246371708174744, guid: f01a573bf20f14f4fa01ecfb319a7af8,
        type: 3}
      propertyPath: m_AnchoredPosition.x
      value: 0
      objectReference: {fileID: 0}
    - target: {fileID: 8015246371708174744, guid: f01a573bf20f14f4fa01ecfb319a7af8,
        type: 3}
      propertyPath: m_AnchoredPosition.y
      value: 0
      objectReference: {fileID: 0}
    - target: {fileID: 8015246372186596494, guid: f01a573bf20f14f4fa01ecfb319a7af8,
        type: 3}
      propertyPath: m_AnchorMax.y
      value: 0
      objectReference: {fileID: 0}
    - target: {fileID: 8015246372186596494, guid: f01a573bf20f14f4fa01ecfb319a7af8,
        type: 3}
      propertyPath: m_AnchorMin.y
      value: 0
      objectReference: {fileID: 0}
    - target: {fileID: 8015246372186596494, guid: f01a573bf20f14f4fa01ecfb319a7af8,
        type: 3}
      propertyPath: m_SizeDelta.x
      value: 0
      objectReference: {fileID: 0}
    - target: {fileID: 8015246372186596494, guid: f01a573bf20f14f4fa01ecfb319a7af8,
        type: 3}
      propertyPath: m_SizeDelta.y
      value: 0
      objectReference: {fileID: 0}
    - target: {fileID: 8015246372186596494, guid: f01a573bf20f14f4fa01ecfb319a7af8,
        type: 3}
      propertyPath: m_AnchoredPosition.x
      value: 0
      objectReference: {fileID: 0}
    - target: {fileID: 8015246372186596494, guid: f01a573bf20f14f4fa01ecfb319a7af8,
        type: 3}
      propertyPath: m_AnchoredPosition.y
      value: 0
      objectReference: {fileID: 0}
    m_RemovedComponents: []
  m_SourcePrefab: {fileID: 100100000, guid: f01a573bf20f14f4fa01ecfb319a7af8, type: 3}
--- !u!1001 &7105158525788063953
PrefabInstance:
  m_ObjectHideFlags: 0
  serializedVersion: 2
  m_Modification:
    m_TransformParent: {fileID: 1080771495}
    m_Modifications:
    - target: {fileID: 7105158526381318438, guid: 005e04cca5af63e4488e02c1959f6b7e,
        type: 3}
      propertyPath: m_Name
      value: Chapter Deck Panel
      objectReference: {fileID: 0}
    - target: {fileID: 7105158526381318441, guid: 005e04cca5af63e4488e02c1959f6b7e,
        type: 3}
      propertyPath: m_Pivot.x
      value: 0.5
      objectReference: {fileID: 0}
    - target: {fileID: 7105158526381318441, guid: 005e04cca5af63e4488e02c1959f6b7e,
        type: 3}
      propertyPath: m_Pivot.y
      value: 0.5
      objectReference: {fileID: 0}
    - target: {fileID: 7105158526381318441, guid: 005e04cca5af63e4488e02c1959f6b7e,
        type: 3}
      propertyPath: m_RootOrder
      value: 2
      objectReference: {fileID: 0}
    - target: {fileID: 7105158526381318441, guid: 005e04cca5af63e4488e02c1959f6b7e,
        type: 3}
      propertyPath: m_AnchorMax.x
      value: 0
      objectReference: {fileID: 0}
    - target: {fileID: 7105158526381318441, guid: 005e04cca5af63e4488e02c1959f6b7e,
        type: 3}
      propertyPath: m_AnchorMax.y
      value: 1
      objectReference: {fileID: 0}
    - target: {fileID: 7105158526381318441, guid: 005e04cca5af63e4488e02c1959f6b7e,
        type: 3}
      propertyPath: m_AnchorMin.x
      value: 0
      objectReference: {fileID: 0}
    - target: {fileID: 7105158526381318441, guid: 005e04cca5af63e4488e02c1959f6b7e,
        type: 3}
      propertyPath: m_AnchorMin.y
      value: 1
      objectReference: {fileID: 0}
    - target: {fileID: 7105158526381318441, guid: 005e04cca5af63e4488e02c1959f6b7e,
        type: 3}
      propertyPath: m_SizeDelta.x
      value: 110.642914
      objectReference: {fileID: 0}
    - target: {fileID: 7105158526381318441, guid: 005e04cca5af63e4488e02c1959f6b7e,
        type: 3}
      propertyPath: m_SizeDelta.y
      value: 116.173416
      objectReference: {fileID: 0}
    - target: {fileID: 7105158526381318441, guid: 005e04cca5af63e4488e02c1959f6b7e,
        type: 3}
      propertyPath: m_LocalPosition.x
      value: 0
      objectReference: {fileID: 0}
    - target: {fileID: 7105158526381318441, guid: 005e04cca5af63e4488e02c1959f6b7e,
        type: 3}
      propertyPath: m_LocalPosition.y
      value: 0
      objectReference: {fileID: 0}
    - target: {fileID: 7105158526381318441, guid: 005e04cca5af63e4488e02c1959f6b7e,
        type: 3}
      propertyPath: m_LocalPosition.z
      value: 0
      objectReference: {fileID: 0}
    - target: {fileID: 7105158526381318441, guid: 005e04cca5af63e4488e02c1959f6b7e,
        type: 3}
      propertyPath: m_LocalRotation.w
      value: 1
      objectReference: {fileID: 0}
    - target: {fileID: 7105158526381318441, guid: 005e04cca5af63e4488e02c1959f6b7e,
        type: 3}
      propertyPath: m_LocalRotation.x
      value: 0
      objectReference: {fileID: 0}
    - target: {fileID: 7105158526381318441, guid: 005e04cca5af63e4488e02c1959f6b7e,
        type: 3}
      propertyPath: m_LocalRotation.y
      value: 0
      objectReference: {fileID: 0}
    - target: {fileID: 7105158526381318441, guid: 005e04cca5af63e4488e02c1959f6b7e,
        type: 3}
      propertyPath: m_LocalRotation.z
      value: 0
      objectReference: {fileID: 0}
    - target: {fileID: 7105158526381318441, guid: 005e04cca5af63e4488e02c1959f6b7e,
        type: 3}
      propertyPath: m_AnchoredPosition.x
      value: 61
      objectReference: {fileID: 0}
    - target: {fileID: 7105158526381318441, guid: 005e04cca5af63e4488e02c1959f6b7e,
        type: 3}
      propertyPath: m_AnchoredPosition.y
      value: -163
      objectReference: {fileID: 0}
    - target: {fileID: 7105158526381318441, guid: 005e04cca5af63e4488e02c1959f6b7e,
        type: 3}
      propertyPath: m_LocalEulerAnglesHint.x
      value: 0
      objectReference: {fileID: 0}
    - target: {fileID: 7105158526381318441, guid: 005e04cca5af63e4488e02c1959f6b7e,
        type: 3}
      propertyPath: m_LocalEulerAnglesHint.y
      value: 0
      objectReference: {fileID: 0}
    - target: {fileID: 7105158526381318441, guid: 005e04cca5af63e4488e02c1959f6b7e,
        type: 3}
      propertyPath: m_LocalEulerAnglesHint.z
      value: 0
      objectReference: {fileID: 0}
    m_RemovedComponents: []
  m_SourcePrefab: {fileID: 100100000, guid: 005e04cca5af63e4488e02c1959f6b7e, type: 3}
